[2025-08-03T00:00:22+03:00] INFO bot [inst=DOGE-USDT-SWAP] [sess=ea94fe9ee52648cd90a8b319dd47d6f8] [mode=START] [err=-]: ⏲️ Time offset set to -829 ms
[2025-08-03T00:00:22+03:00] INFO bot [inst=DOGE-USDT-SWAP] [sess=ea94fe9ee52648cd90a8b319dd47d6f8] [mode=START] [err=-]: 📈 Initial snapshot fetched: {'code': '0', 'msg': '', 'data': [{'asks': [['0.19385', '129.06', '0', '3'], ['0.1939', '588.25', '0', '3'], ['0.19395', '774.18', '0', '2'], ['0.194', '14.3', '0', '3'], ['0.1941', '9.67', '0', '9']], 'bids': [['0.1938', '609.02', '0', '2'], ['0.19375', '299.1', '0', '14'], ['0.1937', '213.97', '0', '10'], ['0.19365', '62.46', '0', '8'], ['0.1936', '17.09', '0', '15']], 'ts': '1754168421756'}]}
[2025-08-03T00:00:22+03:00] INFO bot [inst=DOGE-USDT-SWAP] [sess=ea94fe9ee52648cd90a8b319dd47d6f8] [mode=REINVEST] [err=-]: [REINVEST] enabled=True, pct=100.00%, min_lot=0.01
[2025-08-03T00:00:22+03:00] INFO bot [inst=DOGE-USDT-SWAP] [sess=ea94fe9ee52648cd90a8b319dd47d6f8] [mode=START] [err=-]: Orchestrator started
[2025-08-03T00:00:23+03:00] INFO bot [inst=DOGE-USDT-SWAP] [sess=ea94fe9ee52648cd90a8b319dd47d6f8] [mode=STARTUP] [err=-]: Startup detected TWO legs → enter TPSL mode
[2025-08-03T00:00:24+03:00] INFO bot [inst=DOGE-USDT-SWAP] [sess=ea94fe9ee52648cd90a8b319dd47d6f8] [mode=WS] [err=-]: ✅ [WS-PUB] subscribed to tickers
[2025-08-03T00:00:24+03:00] INFO bot [inst=DOGE-USDT-SWAP] [sess=ea94fe9ee52648cd90a8b319dd47d6f8] [mode=WS] [err=-]: ✅ [WS-PRIV] login successful
[2025-08-03T00:00:24+03:00] INFO bot [inst=DOGE-USDT-SWAP] [sess=ea94fe9ee52648cd90a8b319dd47d6f8] [mode=WS] [err=-]: ✅ [WS-PRIV] subscribed to orders
[2025-08-03T00:00:25+03:00] INFO bot [inst=DOGE-USDT-SWAP] [sess=ea94fe9ee52648cd90a8b319dd47d6f8] [mode=WS] [err=-]: ✅ [WS-PRIV] subscribed to positions
[2025-08-03T00:00:27+03:00] DEBUG bot [inst=DOGE-USDT-SWAP] [sess=ea94fe9ee52648cd90a8b319dd47d6f8] [mode=-] [err=-]: 🔄 [TPSL] initial sync pass
[2025-08-03T00:05:16+03:00] INFO bot [inst=DOGE-USDT-SWAP] [sess=ea94fe9ee52648cd90a8b319dd47d6f8] [mode=SHUTDOWN] [err=-]: Shutdown initiated
[2025-08-03T00:05:18] INFO bot [inst=DOGE-USDT-SWAP] [sess=3866bac220da4508be84752d1095f437] [mode=START] [err=-]: ⏲️ Time offset set to -836 ms
[2025-08-03T00:05:18] INFO bot [inst=DOGE-USDT-SWAP] [sess=3866bac220da4508be84752d1095f437] [mode=START] [err=-]: 📈 Initial snapshot fetched: {'code': '0', 'msg': '', 'data': [{'asks': [['0.1941', '703.17', '0', '3'], ['0.19415', '1026.48', '0', '3'], ['0.19435', '0.2', '0', '2'], ['0.1944', '24.02', '0', '11'], ['0.19445', '792.36', '0', '6']], 'bids': [['0.19405', '0.06', '0', '1'], ['0.194', '1015.61', '0', '46'], ['0.19395', '2088.08', '0', '9'], ['0.1939', '0.49', '0', '7'], ['0.19385', '4.15', '0', '7']], 'ts': '1754168717854'}]}
[2025-08-03T00:05:18] INFO bot [inst=DOGE-USDT-SWAP] [sess=3866bac220da4508be84752d1095f437] [mode=REINVEST] [err=-]: [REINVEST] enabled=True, pct=100.00%, min_lot=0.01
[2025-08-03T00:05:18] INFO bot [inst=DOGE-USDT-SWAP] [sess=3866bac220da4508be84752d1095f437] [mode=START] [err=-]: Orchestrator started
[2025-08-03T00:05:19] INFO bot [inst=DOGE-USDT-SWAP] [sess=3866bac220da4508be84752d1095f437] [mode=STARTUP] [err=-]: Startup detected TWO legs → enter TPSL mode
[2025-08-03T00:05:20] INFO bot [inst=DOGE-USDT-SWAP] [sess=3866bac220da4508be84752d1095f437] [mode=WS] [err=-]: ✅ [WS-PRIV] login successful
[2025-08-03T00:05:20] INFO bot [inst=DOGE-USDT-SWAP] [sess=3866bac220da4508be84752d1095f437] [mode=WS] [err=-]: ✅ [WS-PUB] subscribed to tickers
[2025-08-03T00:05:20] INFO bot [inst=DOGE-USDT-SWAP] [sess=3866bac220da4508be84752d1095f437] [mode=WS] [err=-]: ✅ [WS-PRIV] subscribed to orders
[2025-08-03T00:05:20] INFO bot [inst=DOGE-USDT-SWAP] [sess=3866bac220da4508be84752d1095f437] [mode=WS] [err=-]: ✅ [WS-PRIV] subscribed to positions
[2025-08-03T00:05:23] DEBUG bot [inst=DOGE-USDT-SWAP] [sess=3866bac220da4508be84752d1095f437] [mode=-] [err=-]: 🔄 [TPSL] initial sync pass
[2025-08-03T00:10:10] INFO bot [inst=DOGE-USDT-SWAP] [sess=3866bac220da4508be84752d1095f437] [mode=SHUTDOWN] [err=-]: Shutdown initiated
[2025-08-03T00:10:14] INFO bot [inst=DOGE-USDT-SWAP] [sess=106a5c2653f8488399b4e373bb36e498] [mode=START] [err=-]: ⏲️ Time offset set to -855 ms
[2025-08-03T00:10:14] INFO bot [inst=DOGE-USDT-SWAP] [sess=106a5c2653f8488399b4e373bb36e498] [mode=START] [err=-]: 📈 Initial snapshot fetched: {'code': '0', 'msg': '', 'data': [{'asks': [['0.19355', '836.05', '0', '7'], ['0.1936', '375.91', '0', '8'], ['0.19365', '18.66', '0', '5'], ['0.1937', '3.1', '0', '7'], ['0.19375', '3.64', '0', '11']], 'bids': [['0.1935', '75.3', '0', '1'], ['0.19345', '257.9', '0', '2'], ['0.1934', '730.44', '0', '2'], ['0.19325', '0.1', '0', '4'], ['0.1932', '36.32', '0', '26']], 'ts': '1754169014004'}]}
[2025-08-03T00:10:14] INFO bot [inst=DOGE-USDT-SWAP] [sess=106a5c2653f8488399b4e373bb36e498] [mode=REINVEST] [err=-]: [REINVEST] enabled=True, pct=100.00%, min_lot=0.01
[2025-08-03T00:10:14] INFO bot [inst=DOGE-USDT-SWAP] [sess=106a5c2653f8488399b4e373bb36e498] [mode=START] [err=-]: Orchestrator started
[2025-08-03T00:10:15] INFO bot [inst=DOGE-USDT-SWAP] [sess=106a5c2653f8488399b4e373bb36e498] [mode=STARTUP] [err=-]: Startup detected TWO legs → enter TPSL mode
[2025-08-03T00:10:16] INFO bot [inst=DOGE-USDT-SWAP] [sess=106a5c2653f8488399b4e373bb36e498] [mode=WS] [err=-]: ✅ [WS-PRIV] login successful
[2025-08-03T00:10:16] INFO bot [inst=DOGE-USDT-SWAP] [sess=106a5c2653f8488399b4e373bb36e498] [mode=WS] [err=-]: ✅ [WS-PRIV] subscribed to orders
[2025-08-03T00:10:17] INFO bot [inst=DOGE-USDT-SWAP] [sess=106a5c2653f8488399b4e373bb36e498] [mode=WS] [err=-]: ✅ [WS-PRIV] subscribed to positions
[2025-08-03T00:10:17] INFO bot [inst=DOGE-USDT-SWAP] [sess=106a5c2653f8488399b4e373bb36e498] [mode=WS] [err=-]: ✅ [WS-PUB] subscribed to tickers
[2025-08-03T00:10:19] DEBUG bot [inst=DOGE-USDT-SWAP] [sess=106a5c2653f8488399b4e373bb36e498] [mode=-] [err=-]: 🔄 [TPSL] initial sync pass
[2025-08-03T00:10:41] INFO bot [inst=DOGE-USDT-SWAP] [sess=106a5c2653f8488399b4e373bb36e498] [mode=SHUTDOWN] [err=-]: Shutdown initiated
[2025-08-03T00:10:43] INFO bot [inst=DOGE-USDT-SWAP] [sess=bb9df262f9da4140b0d177c85038cd1e] [mode=START] [err=-]: ⏲️ Time offset set to -828 ms
[2025-08-03T00:10:43] INFO bot [inst=DOGE-USDT-SWAP] [sess=bb9df262f9da4140b0d177c85038cd1e] [mode=START] [err=-]: 📈 Initial snapshot fetched: {'code': '0', 'msg': '', 'data': [{'asks': [['0.1934', '0.1', '0', '1'], ['0.19345', '531.01', '0', '3'], ['0.1935', '1089.89', '0', '3'], ['0.19355', '207.06', '0', '5'], ['0.1936', '14.29', '0', '6']], 'bids': [['0.19335', '749.11', '0', '2'], ['0.1933', '0.03', '0', '1'], ['0.19325', '0.1', '0', '4'], ['0.1932', '36.32', '0', '26'], ['0.19315', '9.92', '0', '19']], 'ts': '1754169042904'}]}
[2025-08-03T00:10:43] INFO bot [inst=DOGE-USDT-SWAP] [sess=bb9df262f9da4140b0d177c85038cd1e] [mode=REINVEST] [err=-]: [REINVEST] enabled=True, pct=100.00%, min_lot=0.01
[2025-08-03T00:10:43] INFO bot [inst=DOGE-USDT-SWAP] [sess=bb9df262f9da4140b0d177c85038cd1e] [mode=START] [err=-]: Orchestrator started
[2025-08-03T00:10:44] INFO bot [inst=DOGE-USDT-SWAP] [sess=bb9df262f9da4140b0d177c85038cd1e] [mode=STARTUP] [err=-]: Startup detected TWO legs → enter TPSL mode
[2025-08-03T00:10:45] INFO bot [inst=DOGE-USDT-SWAP] [sess=bb9df262f9da4140b0d177c85038cd1e] [mode=WS] [err=-]: ✅ [WS-PUB] subscribed to tickers
[2025-08-03T00:10:45] INFO bot [inst=DOGE-USDT-SWAP] [sess=bb9df262f9da4140b0d177c85038cd1e] [mode=WS] [err=-]: ✅ [WS-PRIV] login successful
[2025-08-03T00:10:45] INFO bot [inst=DOGE-USDT-SWAP] [sess=bb9df262f9da4140b0d177c85038cd1e] [mode=WS] [err=-]: ✅ [WS-PRIV] subscribed to orders
[2025-08-03T00:10:46] INFO bot [inst=DOGE-USDT-SWAP] [sess=bb9df262f9da4140b0d177c85038cd1e] [mode=WS] [err=-]: ✅ [WS-PRIV] subscribed to positions
[2025-08-03T00:10:48] DEBUG bot [inst=DOGE-USDT-SWAP] [sess=bb9df262f9da4140b0d177c85038cd1e] [mode=-] [err=-]: 🔄 [TPSL] initial sync pass
[2025-08-03T00:17:30] INFO bot [inst=DOGE-USDT-SWAP] [sess=bb9df262f9da4140b0d177c85038cd1e] [mode=SHUTDOWN] [err=-]: Shutdown initiated
[2025-08-03T00:17:34] INFO bot [inst=DOGE-USDT-SWAP] [sess=0ed4ce57a9904b6db62593a214f83317] [mode=START] [err=-]: ⏲️ Time offset set to -830 ms
[2025-08-03T00:17:34] INFO bot [inst=DOGE-USDT-SWAP] [sess=0ed4ce57a9904b6db62593a214f83317] [mode=START] [err=-]: 📈 Initial snapshot fetched: {'code': '0', 'msg': '', 'data': [{'asks': [['0.19275', '3.37', '0', '19'], ['0.1928', '737.58', '0', '26'], ['0.19285', '1499.76', '0', '12'], ['0.1929', '304.11', '0', '22'], ['0.19295', '13.62', '0', '10']], 'bids': [['0.1927', '1381.91', '0', '2'], ['0.19265', '217.09', '0', '2'], ['0.1924', '0.3', '0', '7'], ['0.19235', '6.71', '0', '3'], ['0.1923', '2.96', '0', '7']], 'ts': '1754169453854'}]}
[2025-08-03T00:17:34] INFO bot [inst=DOGE-USDT-SWAP] [sess=0ed4ce57a9904b6db62593a214f83317] [mode=REINVEST] [err=-]: [REINVEST] enabled=True, pct=100.00%, min_lot=0.01
[2025-08-03T00:17:34] INFO bot [inst=DOGE-USDT-SWAP] [sess=0ed4ce57a9904b6db62593a214f83317] [mode=START] [err=-]: Orchestrator started
[2025-08-03T00:17:35] INFO bot [inst=DOGE-USDT-SWAP] [sess=0ed4ce57a9904b6db62593a214f83317] [mode=STARTUP] [err=-]: Startup detected TWO legs → enter TPSL mode
[2025-08-03T00:17:36] INFO bot [inst=DOGE-USDT-SWAP] [sess=0ed4ce57a9904b6db62593a214f83317] [mode=WS] [err=-]: ✅ [WS-PUB] subscribed to tickers
[2025-08-03T00:17:36] INFO bot [inst=DOGE-USDT-SWAP] [sess=0ed4ce57a9904b6db62593a214f83317] [mode=WS] [err=-]: ✅ [WS-PRIV] login successful
[2025-08-03T00:17:36] INFO bot [inst=DOGE-USDT-SWAP] [sess=0ed4ce57a9904b6db62593a214f83317] [mode=WS] [err=-]: ✅ [WS-PRIV] subscribed to orders
[2025-08-03T00:17:36] INFO bot [inst=DOGE-USDT-SWAP] [sess=0ed4ce57a9904b6db62593a214f83317] [mode=WS] [err=-]: ✅ [WS-PRIV] subscribed to positions
[2025-08-03T00:17:39] DEBUG bot [inst=DOGE-USDT-SWAP] [sess=0ed4ce57a9904b6db62593a214f83317] [mode=-] [err=-]: 🔄 [TPSL] initial sync pass
[2025-08-03T00:36:39] INFO bot [inst=DOGE-USDT-SWAP] [sess=0ed4ce57a9904b6db62593a214f83317] [mode=SHUTDOWN] [err=-]: Shutdown initiated
[2025-08-03T00:36:41] INFO bot [inst=DOGE-USDT-SWAP] [sess=bb9412c7536448feaa92c150656f5201] [mode=START] [err=-]: ⏲️ Time offset set to -830 ms
[2025-08-03T00:36:42] INFO bot [inst=DOGE-USDT-SWAP] [sess=bb9412c7536448feaa92c150656f5201] [mode=START] [err=-]: 📈 Initial snapshot fetched: {'code': '0', 'msg': '', 'data': [{'asks': [['0.1935', '390.91', '0', '60'], ['0.19355', '330.81', '0', '20'], ['0.1936', '420.2', '0', '33'], ['0.19365', '475.55', '0', '18'], ['0.1937', '3.55', '0', '14']], 'bids': [['0.19345', '613.09', '0', '1'], ['0.1934', '410.15', '0', '2'], ['0.19335', '12013.84', '0', '3'], ['0.1932', '14.18', '0', '1'], ['0.19315', '12000.2', '0', '4']], 'ts': '1754170601456'}]}
[2025-08-03T00:36:42] INFO bot [inst=DOGE-USDT-SWAP] [sess=bb9412c7536448feaa92c150656f5201] [mode=REINVEST] [err=-]: [REINVEST] enabled=True, pct=100.00%, min_lot=0.01
[2025-08-03T00:36:42] INFO bot [inst=DOGE-USDT-SWAP] [sess=bb9412c7536448feaa92c150656f5201] [mode=START] [err=-]: Orchestrator started
[2025-08-03T00:36:42] INFO bot [inst=DOGE-USDT-SWAP] [sess=bb9412c7536448feaa92c150656f5201] [mode=STARTUP] [err=-]: Startup detected TWO legs → enter TPSL mode
[2025-08-03T00:36:43] INFO bot [inst=DOGE-USDT-SWAP] [sess=bb9412c7536448feaa92c150656f5201] [mode=WS] [err=-]: ✅ [WS-PUB] subscribed to tickers
[2025-08-03T00:36:43] INFO bot [inst=DOGE-USDT-SWAP] [sess=bb9412c7536448feaa92c150656f5201] [mode=WS] [err=-]: ✅ [WS-PRIV] login successful
[2025-08-03T00:36:44] INFO bot [inst=DOGE-USDT-SWAP] [sess=bb9412c7536448feaa92c150656f5201] [mode=WS] [err=-]: ✅ [WS-PRIV] subscribed to orders
[2025-08-03T00:36:44] INFO bot [inst=DOGE-USDT-SWAP] [sess=bb9412c7536448feaa92c150656f5201] [mode=WS] [err=-]: ✅ [WS-PRIV] subscribed to positions
[2025-08-03T00:36:47] DEBUG bot [inst=DOGE-USDT-SWAP] [sess=bb9412c7536448feaa92c150656f5201] [mode=-] [err=-]: 🔄 [TPSL] initial sync pass
[2025-08-03T00:41:16] INFO bot [inst=DOGE-USDT-SWAP] [sess=bb9412c7536448feaa92c150656f5201] [mode=SHUTDOWN] [err=-]: Shutdown initiated
[2025-08-03T00:41:19] INFO bot [inst=DOGE-USDT-SWAP] [sess=c289b7b4eb5045a1b7543b10ef14235c] [mode=START] [err=-]: ⏲️ Time offset set to -833 ms
[2025-08-03T00:41:19] INFO bot [inst=DOGE-USDT-SWAP] [sess=c289b7b4eb5045a1b7543b10ef14235c] [mode=START] [err=-]: 📈 Initial snapshot fetched: {'code': '0', 'msg': '', 'data': [{'asks': [['0.1935', '106.68', '0', '3'], ['0.19355', '435.77', '0', '4'], ['0.1936', '190.76', '0', '3'], ['0.19375', '99.49', '0', '7'], ['0.1938', '23.79', '0', '9']], 'bids': [['0.19345', '124.69', '0', '12'], ['0.1934', '842.44', '0', '13'], ['0.19335', '11953.39', '0', '12'], ['0.1933', '1.4', '0', '11'], ['0.19325', '7.12', '0', '15']], 'ts': '1754170878606'}]}
[2025-08-03T00:41:19] INFO bot [inst=DOGE-USDT-SWAP] [sess=c289b7b4eb5045a1b7543b10ef14235c] [mode=REINVEST] [err=-]: [REINVEST] enabled=True, pct=100.00%, min_lot=0.01
[2025-08-03T00:41:19] INFO bot [inst=DOGE-USDT-SWAP] [sess=c289b7b4eb5045a1b7543b10ef14235c] [mode=START] [err=-]: Orchestrator started
[2025-08-03T00:41:19] INFO bot [inst=DOGE-USDT-SWAP] [sess=c289b7b4eb5045a1b7543b10ef14235c] [mode=STARTUP] [err=-]: Startup detected TWO legs → enter TPSL mode
[2025-08-03T00:41:20] INFO bot [inst=DOGE-USDT-SWAP] [sess=c289b7b4eb5045a1b7543b10ef14235c] [mode=WS] [err=-]: ✅ [WS-PUB] subscribed to tickers
[2025-08-03T00:41:21] INFO bot [inst=DOGE-USDT-SWAP] [sess=c289b7b4eb5045a1b7543b10ef14235c] [mode=WS] [err=-]: ✅ [WS-PRIV] login successful
[2025-08-03T00:41:21] INFO bot [inst=DOGE-USDT-SWAP] [sess=c289b7b4eb5045a1b7543b10ef14235c] [mode=WS] [err=-]: ✅ [WS-PRIV] subscribed to orders
[2025-08-03T00:41:21] INFO bot [inst=DOGE-USDT-SWAP] [sess=c289b7b4eb5045a1b7543b10ef14235c] [mode=WS] [err=-]: ✅ [WS-PRIV] subscribed to positions
[2025-08-03T00:41:24] DEBUG bot [inst=DOGE-USDT-SWAP] [sess=c289b7b4eb5045a1b7543b10ef14235c] [mode=-] [err=-]: 🔄 [TPSL] initial sync pass
[2025-08-03T00:42:15] INFO bot [inst=DOGE-USDT-SWAP] [sess=c289b7b4eb5045a1b7543b10ef14235c] [mode=SHUTDOWN] [err=-]: Shutdown initiated
[2025-08-03T00:42:19] INFO bot [inst=DOGE-USDT-SWAP] [sess=009924dc22664f508174809426896a7a] [mode=START] [err=-]: ⏲️ Time offset set to -830 ms
[2025-08-03T00:42:19] INFO bot [inst=DOGE-USDT-SWAP] [sess=009924dc22664f508174809426896a7a] [mode=START] [err=-]: 📈 Initial snapshot fetched: {'code': '0', 'msg': '', 'data': [{'asks': [['0.1936', '37.09', '0', '1'], ['0.19365', '231.22', '0', '2'], ['0.1937', '539.66', '0', '2'], ['0.19375', '243.04', '0', '8'], ['0.1938', '23.79', '0', '9']], 'bids': [['0.19355', '325.17', '0', '2'], ['0.1935', '659.59', '0', '3'], ['0.19345', '41.91', '0', '10'], ['0.1934', '21.12', '0', '11'], ['0.19335', '11792.93', '0', '10']], 'ts': '1754170938606'}]}
[2025-08-03T00:42:19] INFO bot [inst=DOGE-USDT-SWAP] [sess=009924dc22664f508174809426896a7a] [mode=REINVEST] [err=-]: [REINVEST] enabled=True, pct=100.00%, min_lot=0.01
[2025-08-03T00:42:19] INFO bot [inst=DOGE-USDT-SWAP] [sess=009924dc22664f508174809426896a7a] [mode=START] [err=-]: Orchestrator started
[2025-08-03T00:42:19] INFO bot [inst=DOGE-USDT-SWAP] [sess=009924dc22664f508174809426896a7a] [mode=STARTUP] [err=-]: Startup detected TWO legs → enter TPSL mode
[2025-08-03T00:42:20] INFO bot [inst=DOGE-USDT-SWAP] [sess=009924dc22664f508174809426896a7a] [mode=WS] [err=-]: ✅ [WS-PUB] subscribed to tickers
[2025-08-03T00:42:21] INFO bot [inst=DOGE-USDT-SWAP] [sess=009924dc22664f508174809426896a7a] [mode=WS] [err=-]: ✅ [WS-PRIV] login successful
[2025-08-03T00:42:21] INFO bot [inst=DOGE-USDT-SWAP] [sess=009924dc22664f508174809426896a7a] [mode=WS] [err=-]: ✅ [WS-PRIV] subscribed to orders
[2025-08-03T00:42:21] INFO bot [inst=DOGE-USDT-SWAP] [sess=009924dc22664f508174809426896a7a] [mode=WS] [err=-]: ✅ [WS-PRIV] subscribed to positions
[2025-08-03T00:42:24] DEBUG bot [inst=DOGE-USDT-SWAP] [sess=009924dc22664f508174809426896a7a] [mode=-] [err=-]: 🔄 [TPSL] initial sync pass
[2025-08-03T00:42:56] INFO bot [inst=DOGE-USDT-SWAP] [sess=009924dc22664f508174809426896a7a] [mode=SHUTDOWN] [err=-]: Shutdown initiated
[2025-08-03T00:42:58] INFO bot [inst=DOGE-USDT-SWAP] [sess=f5845b1c305348bd8e63f30fdcfea656] [mode=START] [err=-]: ⏲️ Time offset set to -832 ms
[2025-08-03T00:42:59] INFO bot [inst=DOGE-USDT-SWAP] [sess=f5845b1c305348bd8e63f30fdcfea656] [mode=START] [err=-]: 📈 Initial snapshot fetched: {'code': '0', 'msg': '', 'data': [{'asks': [['0.1934', '117.7', '0', '1'], ['0.19345', '117.7', '0', '1'], ['0.1935', '117.7', '0', '1'], ['0.1936', '114.25', '0', '3'], ['0.19365', '0.12', '0', '1']], 'bids': [['0.19335', '8228.14', '0', '10'], ['0.1933', '1.4', '0', '11'], ['0.19325', '42', '0', '16'], ['0.1932', '291.12', '0', '20'], ['0.19315', '12825.39', '0', '18']], 'ts': '1754170978453'}]}
[2025-08-03T00:42:59] INFO bot [inst=DOGE-USDT-SWAP] [sess=f5845b1c305348bd8e63f30fdcfea656] [mode=REINVEST] [err=-]: [REINVEST] enabled=True, pct=100.00%, min_lot=0.01
[2025-08-03T00:42:59] INFO bot [inst=DOGE-USDT-SWAP] [sess=f5845b1c305348bd8e63f30fdcfea656] [mode=START] [err=-]: Orchestrator started
[2025-08-03T00:42:59] INFO bot [inst=DOGE-USDT-SWAP] [sess=f5845b1c305348bd8e63f30fdcfea656] [mode=STARTUP] [err=-]: Startup detected TWO legs → enter TPSL mode
[2025-08-03T00:43:00] INFO bot [inst=DOGE-USDT-SWAP] [sess=f5845b1c305348bd8e63f30fdcfea656] [mode=WS] [err=-]: ✅ [WS-PUB] subscribed to tickers
[2025-08-03T00:43:01] INFO bot [inst=DOGE-USDT-SWAP] [sess=f5845b1c305348bd8e63f30fdcfea656] [mode=WS] [err=-]: ✅ [WS-PRIV] login successful
[2025-08-03T00:43:01] INFO bot [inst=DOGE-USDT-SWAP] [sess=f5845b1c305348bd8e63f30fdcfea656] [mode=WS] [err=-]: ✅ [WS-PRIV] subscribed to orders
[2025-08-03T00:43:01] INFO bot [inst=DOGE-USDT-SWAP] [sess=f5845b1c305348bd8e63f30fdcfea656] [mode=WS] [err=-]: ✅ [WS-PRIV] subscribed to positions
[2025-08-03T00:43:04] DEBUG bot [inst=DOGE-USDT-SWAP] [sess=f5845b1c305348bd8e63f30fdcfea656] [mode=-] [err=-]: 🔄 [TPSL] initial sync pass
[2025-08-03T00:43:55] INFO bot [inst=DOGE-USDT-SWAP] [sess=f5845b1c305348bd8e63f30fdcfea656] [mode=SHUTDOWN] [err=-]: Shutdown initiated
[2025-08-03T00:44:00] INFO bot [inst=DOGE-USDT-SWAP] [sess=56709de1745a475d91ee2ceffb02d28d] [mode=START] [err=-]: ⏲️ Time offset set to -838 ms
[2025-08-03T00:44:00] INFO bot [inst=DOGE-USDT-SWAP] [sess=56709de1745a475d91ee2ceffb02d28d] [mode=START] [err=-]: 📈 Initial snapshot fetched: {'code': '0', 'msg': '', 'data': [{'asks': [['0.1934', '131.88', '0', '2'], ['0.19345', '117.7', '0', '1'], ['0.1935', '120.77', '0', '12'], ['0.19355', '6.75', '0', '4'], ['0.1936', '116.86', '0', '12']], 'bids': [['0.19315', '7080.41', '0', '16'], ['0.1931', '92.57', '0', '21'], ['0.19305', '22.74', '0', '13'], ['0.193', '66.46', '0', '70'], ['0.19295', '13.63', '0', '11']], 'ts': '1754171039553'}]}
[2025-08-03T00:44:00] INFO bot [inst=DOGE-USDT-SWAP] [sess=56709de1745a475d91ee2ceffb02d28d] [mode=REINVEST] [err=-]: [REINVEST] enabled=True, pct=100.00%, min_lot=0.01
[2025-08-03T00:44:00] INFO bot [inst=DOGE-USDT-SWAP] [sess=56709de1745a475d91ee2ceffb02d28d] [mode=START] [err=-]: Orchestrator started
[2025-08-03T00:44:00] INFO bot [inst=DOGE-USDT-SWAP] [sess=56709de1745a475d91ee2ceffb02d28d] [mode=STARTUP] [err=-]: Startup detected TWO legs → enter TPSL mode
[2025-08-03T00:44:01] INFO bot [inst=DOGE-USDT-SWAP] [sess=56709de1745a475d91ee2ceffb02d28d] [mode=WS] [err=-]: ✅ [WS-PUB] subscribed to tickers
[2025-08-03T00:44:01] INFO bot [inst=DOGE-USDT-SWAP] [sess=56709de1745a475d91ee2ceffb02d28d] [mode=WS] [err=-]: ✅ [WS-PRIV] login successful
[2025-08-03T00:44:02] INFO bot [inst=DOGE-USDT-SWAP] [sess=56709de1745a475d91ee2ceffb02d28d] [mode=WS] [err=-]: ✅ [WS-PRIV] subscribed to orders
[2025-08-03T00:44:02] INFO bot [inst=DOGE-USDT-SWAP] [sess=56709de1745a475d91ee2ceffb02d28d] [mode=WS] [err=-]: ✅ [WS-PRIV] subscribed to positions
[2025-08-03T00:44:05] DEBUG bot [inst=DOGE-USDT-SWAP] [sess=56709de1745a475d91ee2ceffb02d28d] [mode=-] [err=-]: 🔄 [TPSL] initial sync pass
[2025-08-03T00:44:22] INFO bot [inst=DOGE-USDT-SWAP] [sess=56709de1745a475d91ee2ceffb02d28d] [mode=SHUTDOWN] [err=-]: Shutdown initiated
[2025-08-03T00:44:24] INFO bot [inst=DOGE-USDT-SWAP] [sess=cafc2e41417d4703a43dcbfe60486ade] [mode=START] [err=-]: ⏲️ Time offset set to -831 ms
[2025-08-03T00:44:25] INFO bot [inst=DOGE-USDT-SWAP] [sess=cafc2e41417d4703a43dcbfe60486ade] [mode=START] [err=-]: 📈 Initial snapshot fetched: {'code': '0', 'msg': '', 'data': [{'asks': [['0.1934', '131.88', '0', '2'], ['0.19345', '117.7', '0', '1'], ['0.1935', '120.77', '0', '12'], ['0.19355', '6.75', '0', '4'], ['0.1936', '116.86', '0', '12']], 'bids': [['0.19315', '2073.79', '0', '16'], ['0.1931', '92.57', '0', '21'], ['0.19305', '22.74', '0', '13'], ['0.193', '66.46', '0', '70'], ['0.19295', '13.63', '0', '11']], 'ts': '1754171064503'}]}
[2025-08-03T00:44:25] INFO bot [inst=DOGE-USDT-SWAP] [sess=cafc2e41417d4703a43dcbfe60486ade] [mode=REINVEST] [err=-]: [REINVEST] enabled=True, pct=100.00%, min_lot=0.01
[2025-08-03T00:44:25] INFO bot [inst=DOGE-USDT-SWAP] [sess=cafc2e41417d4703a43dcbfe60486ade] [mode=START] [err=-]: Orchestrator started
[2025-08-03T00:44:25] INFO bot [inst=DOGE-USDT-SWAP] [sess=cafc2e41417d4703a43dcbfe60486ade] [mode=STARTUP] [err=-]: Startup detected TWO legs → enter TPSL mode
[2025-08-03T00:44:26] INFO bot [inst=DOGE-USDT-SWAP] [sess=cafc2e41417d4703a43dcbfe60486ade] [mode=WS] [err=-]: ✅ [WS-PRIV] login successful
[2025-08-03T00:44:26] INFO bot [inst=DOGE-USDT-SWAP] [sess=cafc2e41417d4703a43dcbfe60486ade] [mode=WS] [err=-]: ✅ [WS-PUB] subscribed to tickers
[2025-08-03T00:44:27] INFO bot [inst=DOGE-USDT-SWAP] [sess=cafc2e41417d4703a43dcbfe60486ade] [mode=WS] [err=-]: ✅ [WS-PRIV] subscribed to orders
[2025-08-03T00:44:27] INFO bot [inst=DOGE-USDT-SWAP] [sess=cafc2e41417d4703a43dcbfe60486ade] [mode=WS] [err=-]: ✅ [WS-PRIV] subscribed to positions
[2025-08-03T00:44:30] DEBUG bot [inst=DOGE-USDT-SWAP] [sess=cafc2e41417d4703a43dcbfe60486ade] [mode=-] [err=-]: 🔄 [TPSL] initial sync pass
[2025-08-03T00:45:05] INFO bot [inst=DOGE-USDT-SWAP] [sess=cafc2e41417d4703a43dcbfe60486ade] [mode=SHUTDOWN] [err=-]: Shutdown initiated
[2025-08-03T00:45:08] INFO bot [inst=DOGE-USDT-SWAP] [sess=70a65e2c40d54312895d6dd56794c322] [mode=START] [err=-]: ⏲️ Time offset set to -831 ms
[2025-08-03T00:45:08] INFO bot [inst=DOGE-USDT-SWAP] [sess=70a65e2c40d54312895d6dd56794c322] [mode=START] [err=-]: 📈 Initial snapshot fetched: {'code': '0', 'msg': '', 'data': [{'asks': [['0.1929', '136.89', '0', '3'], ['0.19295', '203.11', '0', '2'], ['0.193', '285.49', '0', '2'], ['0.19315', '75.35', '0', '4'], ['0.1932', '92.37', '0', '11']], 'bids': [['0.19285', '139.56', '0', '2'], ['0.1928', '431.24', '0', '31'], ['0.19275', '88.25', '0', '25'], ['0.1927', '0.86', '0', '7'], ['0.19265', '30.05', '0', '16']], 'ts': '1754171107703'}]}
[2025-08-03T00:45:08] INFO bot [inst=DOGE-USDT-SWAP] [sess=70a65e2c40d54312895d6dd56794c322] [mode=REINVEST] [err=-]: [REINVEST] enabled=True, pct=100.00%, min_lot=0.01
[2025-08-03T00:45:08] INFO bot [inst=DOGE-USDT-SWAP] [sess=70a65e2c40d54312895d6dd56794c322] [mode=START] [err=-]: Orchestrator started
[2025-08-03T00:45:09] INFO bot [inst=DOGE-USDT-SWAP] [sess=70a65e2c40d54312895d6dd56794c322] [mode=STARTUP] [err=-]: Startup detected TWO legs → enter TPSL mode
[2025-08-03T00:45:10] INFO bot [inst=DOGE-USDT-SWAP] [sess=70a65e2c40d54312895d6dd56794c322] [mode=WS] [err=-]: ✅ [WS-PUB] subscribed to tickers
[2025-08-03T00:45:10] INFO bot [inst=DOGE-USDT-SWAP] [sess=70a65e2c40d54312895d6dd56794c322] [mode=WS] [err=-]: ✅ [WS-PRIV] login successful
[2025-08-03T00:45:10] INFO bot [inst=DOGE-USDT-SWAP] [sess=70a65e2c40d54312895d6dd56794c322] [mode=WS] [err=-]: ✅ [WS-PRIV] subscribed to orders
[2025-08-03T00:45:10] INFO bot [inst=DOGE-USDT-SWAP] [sess=70a65e2c40d54312895d6dd56794c322] [mode=WS] [err=-]: ✅ [WS-PRIV] subscribed to positions
[2025-08-03T00:45:13] DEBUG bot [inst=DOGE-USDT-SWAP] [sess=70a65e2c40d54312895d6dd56794c322] [mode=-] [err=-]: 🔄 [TPSL] initial sync pass
[2025-08-03T00:47:11] INFO bot [inst=DOGE-USDT-SWAP] [sess=70a65e2c40d54312895d6dd56794c322] [mode=SHUTDOWN] [err=-]: Shutdown initiated
[2025-08-03T01:47:13] INFO bot [inst=DOGE-USDT-SWAP] [sess=c05a58fd8b3049a09329d6105c4aa8c0] [mode=START] [err=-]: ⏲️ Time offset set to -832 ms
[2025-08-03T01:47:14] INFO bot [inst=DOGE-USDT-SWAP] [sess=c05a58fd8b3049a09329d6105c4aa8c0] [mode=START] [err=-]: 📈 Initial snapshot fetched: {'code': '0', 'msg': '', 'data': [{'asks': [['0.19345', '115.82', '0', '3'], ['0.1935', '195.58', '0', '43'], ['0.19355', '566.16', '0', '13'], ['0.1936', '23.55', '0', '20'], ['0.19365', '62.46', '0', '8']], 'bids': [['0.1934', '104.36', '0', '2'], ['0.19335', '52.79', '0', '2'], ['0.1933', '303.99', '0', '1'], ['0.1932', '14.18', '0', '1'], ['0.19315', '0.2', '0', '3']], 'ts': '1754171233403'}]}
[2025-08-03T01:47:14] INFO bot [inst=DOGE-USDT-SWAP] [sess=c05a58fd8b3049a09329d6105c4aa8c0] [mode=REINVEST] [err=-]: [REINVEST] enabled=True, pct=100.00%, min_lot=0.01
[2025-08-03T01:47:14] INFO bot [inst=DOGE-USDT-SWAP] [sess=c05a58fd8b3049a09329d6105c4aa8c0] [mode=START] [err=-]: Orchestrator started
[2025-08-03T01:47:14] INFO bot [inst=DOGE-USDT-SWAP] [sess=c05a58fd8b3049a09329d6105c4aa8c0] [mode=STARTUP] [err=-]: Startup detected TWO legs → enter TPSL mode
[2025-08-03T01:47:15] INFO bot [inst=DOGE-USDT-SWAP] [sess=c05a58fd8b3049a09329d6105c4aa8c0] [mode=WS] [err=-]: ✅ [WS-PUB] subscribed to tickers
[2025-08-03T01:47:15] INFO bot [inst=DOGE-USDT-SWAP] [sess=c05a58fd8b3049a09329d6105c4aa8c0] [mode=WS] [err=-]: ✅ [WS-PRIV] login successful
[2025-08-03T01:47:16] INFO bot [inst=DOGE-USDT-SWAP] [sess=c05a58fd8b3049a09329d6105c4aa8c0] [mode=WS] [err=-]: ✅ [WS-PRIV] subscribed to orders
[2025-08-03T01:47:16] INFO bot [inst=DOGE-USDT-SWAP] [sess=c05a58fd8b3049a09329d6105c4aa8c0] [mode=WS] [err=-]: ✅ [WS-PRIV] subscribed to positions
[2025-08-03T01:47:19] DEBUG bot [inst=DOGE-USDT-SWAP] [sess=c05a58fd8b3049a09329d6105c4aa8c0] [mode=-] [err=-]: 🔄 [TPSL] initial sync pass
[2025-08-03T01:47:48] INFO bot [inst=DOGE-USDT-SWAP] [sess=c05a58fd8b3049a09329d6105c4aa8c0] [mode=-] [err=-]: 🛠️ [TPSL] mismatch detected → reinstall all algos
[2025-08-03T01:47:48] DEBUG bot [inst=DOGE-USDT-SWAP] [sess=c05a58fd8b3049a09329d6105c4aa8c0] [mode=-] [err=-]: 🔄 [TPSL] reinstall_all → init(short)=0.1@0.19, hedge(long)=0.2@0.19395, tp_init=0.1881, tp_hedge=0.19880459
[2025-08-03T01:47:48] INFO bot [inst=DOGE-USDT-SWAP] [sess=c05a58fd8b3049a09329d6105c4aa8c0] [mode=-] [err=-]: 🧹 [TPSL] cancelled algos: [{'instId': 'DOGE-USDT-SWAP', 'algoId': '2740071884191256576'}, {'instId': 'DOGE-USDT-SWAP', 'algoId': '2740071872715640832'}]
[2025-08-03T01:47:48] DEBUG bot [inst=DOGE-USDT-SWAP] [sess=c05a58fd8b3049a09329d6105c4aa8c0] [mode=-] [err=-]: ⏳ [TPSL] placing OCO(init): {'instId': 'DOGE-USDT-SWAP', 'instType': 'SWAP', 'tdMode': 'cross', 'ordType': 'oco', 'posSide': 'short', 'side': 'buy', 'algoClOrdId': 'SDOGEUSDTSWAP', 'tpTriggerPx': '0.1881', 'tpOrdPx': '-1', 'slTriggerPx': '0.19880459', 'slOrdPx': '-1', 'closeFraction': 1, 'reduceOnly': True}
[2025-08-03T01:47:49] INFO bot [inst=DOGE-USDT-SWAP] [sess=c05a58fd8b3049a09329d6105c4aa8c0] [mode=-] [err=-]: 🎯 [TPSL] placed OCO(SDOGEUSDTSWAP) @ 0.1881
[2025-08-03T01:47:49] DEBUG bot [inst=DOGE-USDT-SWAP] [sess=c05a58fd8b3049a09329d6105c4aa8c0] [mode=-] [err=-]: ⏳ [TPSL] placing Conditional(hedge): {'instId': 'DOGE-USDT-SWAP', 'instType': 'SWAP', 'tdMode': 'cross', 'ordType': 'conditional', 'posSide': 'long', 'side': 'sell', 'algoClOrdId': 'LDOGEUSDTSWAP', 'tpTriggerPx': '0.19880459', 'tpOrdPx': '-1', 'closeFraction': 1, 'reduceOnly': True}
[2025-08-03T01:47:49] INFO bot [inst=DOGE-USDT-SWAP] [sess=c05a58fd8b3049a09329d6105c4aa8c0] [mode=-] [err=-]: 🎯 [TPSL] placed Conditional(LDOGEUSDTSWAP) @ 0.19880459
[2025-08-03T01:53:26] INFO bot [inst=DOGE-USDT-SWAP] [sess=c05a58fd8b3049a09329d6105c4aa8c0] [mode=SHUTDOWN] [err=-]: Shutdown initiated
[2025-08-03T00:53:28] INFO bot [inst=DOGE-USDT-SWAP] [sess=203281a71e9f41188e56dae061ebe6e3] [mode=START] [err=-]: ⏲️ Time offset set to -832 ms
[2025-08-03T00:53:28] INFO bot [inst=DOGE-USDT-SWAP] [sess=203281a71e9f41188e56dae061ebe6e3] [mode=START] [err=-]: 📈 Initial snapshot fetched: {'code': '0', 'msg': '', 'data': [{'asks': [['0.19385', '588.97', '0', '2'], ['0.1939', '788.46', '0', '2'], ['0.19395', '328.17', '0', '2'], ['0.194', '132.06', '0', '83'], ['0.19405', '458.15', '0', '10']], 'bids': [['0.1938', '4.77', '0', '2'], ['0.19375', '625.51', '0', '2'], ['0.1937', '633.47', '0', '4'], ['0.19365', '18.62', '0', '3'], ['0.1936', '14.29', '0', '6']], 'ts': '1754171608103'}]}
[2025-08-03T00:53:29] INFO bot [inst=DOGE-USDT-SWAP] [sess=203281a71e9f41188e56dae061ebe6e3] [mode=REINVEST] [err=-]: [REINVEST] enabled=True, pct=100.00%, min_lot=0.01
[2025-08-03T00:53:29] INFO bot [inst=DOGE-USDT-SWAP] [sess=203281a71e9f41188e56dae061ebe6e3] [mode=START] [err=-]: Orchestrator started
[2025-08-03T00:53:29] INFO bot [inst=DOGE-USDT-SWAP] [sess=203281a71e9f41188e56dae061ebe6e3] [mode=STARTUP] [err=-]: Startup detected TWO legs → enter TPSL mode
[2025-08-03T00:53:30] INFO bot [inst=DOGE-USDT-SWAP] [sess=203281a71e9f41188e56dae061ebe6e3] [mode=WS] [err=-]: ✅ [WS-PUB] subscribed to tickers
[2025-08-03T00:53:30] INFO bot [inst=DOGE-USDT-SWAP] [sess=203281a71e9f41188e56dae061ebe6e3] [mode=WS] [err=-]: ✅ [WS-PRIV] login successful
[2025-08-03T00:53:30] INFO bot [inst=DOGE-USDT-SWAP] [sess=203281a71e9f41188e56dae061ebe6e3] [mode=WS] [err=-]: ✅ [WS-PRIV] subscribed to orders
[2025-08-03T00:53:31] INFO bot [inst=DOGE-USDT-SWAP] [sess=203281a71e9f41188e56dae061ebe6e3] [mode=WS] [err=-]: ✅ [WS-PRIV] subscribed to positions
[2025-08-03T00:53:34] DEBUG bot [inst=DOGE-USDT-SWAP] [sess=203281a71e9f41188e56dae061ebe6e3] [mode=-] [err=-]: 🔄 [TPSL] initial sync pass
[2025-08-03T00:53:45] INFO bot [inst=DOGE-USDT-SWAP] [sess=203281a71e9f41188e56dae061ebe6e3] [mode=-] [err=-]: 🛠️ [TPSL] mismatch detected → reinstall all algos
[2025-08-03T00:53:45] DEBUG bot [inst=DOGE-USDT-SWAP] [sess=203281a71e9f41188e56dae061ebe6e3] [mode=-] [err=-]: 🔄 [TPSL] reinstall_all → init(short)=0.1@0.19, hedge(long)=0.2@0.19395, tp_init=0.1881, tp_hedge=0.19880459
[2025-08-03T00:53:46] INFO bot [inst=DOGE-USDT-SWAP] [sess=203281a71e9f41188e56dae061ebe6e3] [mode=-] [err=-]: 🧹 [TPSL] cancelled algos: [{'instId': 'DOGE-USDT-SWAP', 'algoId': '2740352503865495552'}, {'instId': 'DOGE-USDT-SWAP', 'algoId': '2740352492557651968'}]
[2025-08-03T00:53:46] DEBUG bot [inst=DOGE-USDT-SWAP] [sess=203281a71e9f41188e56dae061ebe6e3] [mode=-] [err=-]: ⏳ [TPSL] placing OCO(init): {'instId': 'DOGE-USDT-SWAP', 'instType': 'SWAP', 'tdMode': 'cross', 'ordType': 'oco', 'posSide': 'short', 'side': 'buy', 'algoClOrdId': 'SDOGEUSDTSWAP', 'tpTriggerPx': '0.1881', 'tpOrdPx': '-1', 'slTriggerPx': '0.19880459', 'slOrdPx': '-1', 'closeFraction': 1, 'reduceOnly': True}
[2025-08-03T00:53:46] INFO bot [inst=DOGE-USDT-SWAP] [sess=203281a71e9f41188e56dae061ebe6e3] [mode=-] [err=-]: 🎯 [TPSL] placed OCO(SDOGEUSDTSWAP) @ 0.1881
[2025-08-03T00:53:46] DEBUG bot [inst=DOGE-USDT-SWAP] [sess=203281a71e9f41188e56dae061ebe6e3] [mode=-] [err=-]: ⏳ [TPSL] placing Conditional(hedge): {'instId': 'DOGE-USDT-SWAP', 'instType': 'SWAP', 'tdMode': 'cross', 'ordType': 'conditional', 'posSide': 'long', 'side': 'sell', 'algoClOrdId': 'LDOGEUSDTSWAP', 'tpTriggerPx': '0.19880459', 'tpOrdPx': '-1', 'closeFraction': 1, 'reduceOnly': True}
[2025-08-03T00:53:46] INFO bot [inst=DOGE-USDT-SWAP] [sess=203281a71e9f41188e56dae061ebe6e3] [mode=-] [err=-]: 🎯 [TPSL] placed Conditional(LDOGEUSDTSWAP) @ 0.19880459
[2025-08-03T01:03:00] INFO bot [inst=DOGE-USDT-SWAP] [sess=203281a71e9f41188e56dae061ebe6e3] [mode=SHUTDOWN] [err=-]: Shutdown initiated
[2025-08-03T01:13:01] INFO bot [inst=DOGE-USDT-SWAP] [sess=96f69118b7384cca836cc726153f5a29] [mode=START] [err=-]: ⏲️ Time offset set to -832 ms
[2025-08-03T01:13:02] INFO bot [inst=DOGE-USDT-SWAP] [sess=96f69118b7384cca836cc726153f5a29] [mode=START] [err=-]: 📈 Initial snapshot fetched: {'code': '0', 'msg': '', 'data': [{'asks': [['0.19345', '155.7', '0', '1'], ['0.1935', '1668.74', '0', '2'], ['0.19355', '28.75', '0', '2'], ['0.1936', '92.45', '0', '1'], ['0.1937', '0.08', '0', '2']], 'bids': [['0.1934', '177.63', '0', '14'], ['0.19335', '1178.76', '0', '19'], ['0.1933', '324.37', '0', '14'], ['0.19325', '17.43', '0', '22'], ['0.1932', '36.33', '0', '27']], 'ts': '1754172781300'}]}
[2025-08-03T01:13:02] INFO bot [inst=DOGE-USDT-SWAP] [sess=96f69118b7384cca836cc726153f5a29] [mode=REINVEST] [err=-]: [REINVEST] enabled=True, pct=100.00%, min_lot=0.01
[2025-08-03T01:13:02] INFO bot [inst=DOGE-USDT-SWAP] [sess=96f69118b7384cca836cc726153f5a29] [mode=START] [err=-]: Orchestrator started
[2025-08-03T01:13:02] INFO bot [inst=DOGE-USDT-SWAP] [sess=96f69118b7384cca836cc726153f5a29] [mode=STARTUP] [err=-]: Startup detected TWO legs → enter TPSL mode
[2025-08-03T01:13:03] INFO bot [inst=DOGE-USDT-SWAP] [sess=96f69118b7384cca836cc726153f5a29] [mode=WS] [err=-]: ✅ [WS-PUB] subscribed to tickers
[2025-08-03T01:13:03] INFO bot [inst=DOGE-USDT-SWAP] [sess=96f69118b7384cca836cc726153f5a29] [mode=WS] [err=-]: ✅ [WS-PRIV] login successful
[2025-08-03T01:13:04] INFO bot [inst=DOGE-USDT-SWAP] [sess=96f69118b7384cca836cc726153f5a29] [mode=WS] [err=-]: ✅ [WS-PRIV] subscribed to orders
[2025-08-03T01:13:04] INFO bot [inst=DOGE-USDT-SWAP] [sess=96f69118b7384cca836cc726153f5a29] [mode=WS] [err=-]: ✅ [WS-PRIV] subscribed to positions
[2025-08-03T01:13:07] DEBUG bot [inst=DOGE-USDT-SWAP] [sess=96f69118b7384cca836cc726153f5a29] [mode=-] [err=-]: 🔄 [TPSL] initial sync pass
[2025-08-03T01:14:25] INFO bot [inst=DOGE-USDT-SWAP] [sess=96f69118b7384cca836cc726153f5a29] [mode=SHUTDOWN] [err=-]: Shutdown initiated
[2025-08-03T01:14:43] INFO bot [inst=DOGE-USDT-SWAP] [sess=23cfedffb6a64c6bbd28480ea40633c2] [mode=START] [err=-]: ⏲️ Time offset set to -832 ms
[2025-08-03T01:14:43] INFO bot [inst=DOGE-USDT-SWAP] [sess=23cfedffb6a64c6bbd28480ea40633c2] [mode=START] [err=-]: 📈 Initial snapshot fetched: {'code': '0', 'msg': '', 'data': [{'asks': [['0.19325', '85.43', '0', '1'], ['0.1933', '1445.97', '0', '3'], ['0.19335', '1832.91', '0', '2'], ['0.1935', '3.07', '0', '11'], ['0.19355', '6.75', '0', '4']], 'bids': [['0.1932', '817.2', '0', '3'], ['0.19315', '153.63', '0', '21'], ['0.1931', '200.46', '0', '25'], ['0.19305', '23.13', '0', '14'], ['0.193', '67.78', '0', '77']], 'ts': '1754172882750'}]}
[2025-08-03T01:14:43] INFO bot [inst=DOGE-USDT-SWAP] [sess=23cfedffb6a64c6bbd28480ea40633c2] [mode=REINVEST] [err=-]: [REINVEST] enabled=True, pct=100.00%, min_lot=0.01
[2025-08-03T01:14:43] INFO bot [inst=DOGE-USDT-SWAP] [sess=23cfedffb6a64c6bbd28480ea40633c2] [mode=START] [err=-]: Orchestrator started
[2025-08-03T01:14:45] INFO bot [inst=DOGE-USDT-SWAP] [sess=23cfedffb6a64c6bbd28480ea40633c2] [mode=WS] [err=-]: ✅ [WS-PUB] subscribed to tickers
[2025-08-03T01:14:45] INFO bot [inst=DOGE-USDT-SWAP] [sess=23cfedffb6a64c6bbd28480ea40633c2] [mode=WS] [err=-]: ✅ [WS-PRIV] login successful
[2025-08-03T01:14:45] INFO bot [inst=DOGE-USDT-SWAP] [sess=23cfedffb6a64c6bbd28480ea40633c2] [mode=WS] [err=-]: ✅ [WS-PRIV] subscribed to orders
[2025-08-03T01:14:45] INFO bot [inst=DOGE-USDT-SWAP] [sess=23cfedffb6a64c6bbd28480ea40633c2] [mode=WS] [err=-]: ✅ [WS-PRIV] subscribed to positions
[2025-08-03T01:14:47] INFO bot [inst=DOGE-USDT-SWAP] [sess=23cfedffb6a64c6bbd28480ea40633c2] [mode=ORDER] [err=-]: → ORDER mode
[2025-08-03T01:14:47] INFO bot [inst=DOGE-USDT-SWAP] [sess=23cfedffb6a64c6bbd28480ea40633c2] [mode=ORDER] [err=-]: 🔄 [OrderMode] starting order loop
[2025-08-03T01:14:48] INFO bot [inst=DOGE-USDT-SWAP] [sess=23cfedffb6a64c6bbd28480ea40633c2] [mode=ORDER] [err=-]: 🎯 [OrderMode] placed FOK: BUY 2740406810596139008@0.19274194, SELL 2740406810562584576@0.19370806
[2025-08-03T01:14:48] DEBUG bot [inst=DOGE-USDT-SWAP] [sess=23cfedffb6a64c6bbd28480ea40633c2] [mode=-] [err=-]: 🔄 [TPSL] initial sync pass
[2025-08-03T01:14:54] INFO bot [inst=DOGE-USDT-SWAP] [sess=23cfedffb6a64c6bbd28480ea40633c2] [mode=-] [err=-]: [TPSL MONITOR] не получили цены поз: lp=0.0, sp=0.0
[2025-08-03T01:14:58] INFO bot [inst=DOGE-USDT-SWAP] [sess=23cfedffb6a64c6bbd28480ea40633c2] [mode=ORDER] [err=-]: 🕐 [OrderMode] no fill after 10.0s, retry
[2025-08-03T01:14:58] INFO bot [inst=DOGE-USDT-SWAP] [sess=23cfedffb6a64c6bbd28480ea40633c2] [mode=ORDER] [err=-]: 🛑 [OrderMode] cancelled 2740406810596139008
[2025-08-03T01:14:58] INFO bot [inst=DOGE-USDT-SWAP] [sess=23cfedffb6a64c6bbd28480ea40633c2] [mode=ORDER] [err=-]: 🛑 [OrderMode] cancelled 2740406810562584576
[2025-08-03T01:14:58] INFO bot [inst=DOGE-USDT-SWAP] [sess=23cfedffb6a64c6bbd28480ea40633c2] [mode=ORDER] [err=-]: 🔄 [OrderMode] starting order loop
[2025-08-03T01:14:59] INFO bot [inst=DOGE-USDT-SWAP] [sess=23cfedffb6a64c6bbd28480ea40633c2] [mode=-] [err=-]: [TPSL MONITOR] не получили цены поз: lp=0.0, sp=0.0
[2025-08-03T01:14:59] INFO bot [inst=DOGE-USDT-SWAP] [sess=23cfedffb6a64c6bbd28480ea40633c2] [mode=ORDER] [err=-]: 🎯 [OrderMode] placed FOK: BUY 2740407205934456832@0.192717, SELL 2740407206135783424@0.193683
[2025-08-03T01:15:04] INFO bot [inst=DOGE-USDT-SWAP] [sess=23cfedffb6a64c6bbd28480ea40633c2] [mode=-] [err=-]: [TPSL MONITOR] не получили цены поз: lp=0.0, sp=0.0
[2025-08-03T01:15:09] INFO bot [inst=DOGE-USDT-SWAP] [sess=23cfedffb6a64c6bbd28480ea40633c2] [mode=ORDER] [err=-]: 🕐 [OrderMode] no fill after 10.0s, retry
[2025-08-03T01:15:10] INFO bot [inst=DOGE-USDT-SWAP] [sess=23cfedffb6a64c6bbd28480ea40633c2] [mode=-] [err=-]: [TPSL MONITOR] не получили цены поз: lp=0.0, sp=0.0
[2025-08-03T01:15:10] INFO bot [inst=DOGE-USDT-SWAP] [sess=23cfedffb6a64c6bbd28480ea40633c2] [mode=ORDER] [err=-]: 🛑 [OrderMode] cancelled 2740407205934456832
[2025-08-03T01:15:10] INFO bot [inst=DOGE-USDT-SWAP] [sess=23cfedffb6a64c6bbd28480ea40633c2] [mode=ORDER] [err=-]: 🛑 [OrderMode] cancelled 2740407206135783424
[2025-08-03T01:15:10] INFO bot [inst=DOGE-USDT-SWAP] [sess=23cfedffb6a64c6bbd28480ea40633c2] [mode=ORDER] [err=-]: 🔄 [OrderMode] starting order loop
[2025-08-03T01:15:11] INFO bot [inst=DOGE-USDT-SWAP] [sess=23cfedffb6a64c6bbd28480ea40633c2] [mode=ORDER] [err=-]: 🎯 [OrderMode] placed FOK: BUY 2740407602078081024@0.19177581, SELL 2740407602514288640@0.19467419
[2025-08-03T01:15:15] INFO bot [inst=DOGE-USDT-SWAP] [sess=23cfedffb6a64c6bbd28480ea40633c2] [mode=-] [err=-]: [TPSL MONITOR] не получили цены поз: lp=0.0, sp=0.0
[2025-08-03T01:15:20] INFO bot [inst=DOGE-USDT-SWAP] [sess=23cfedffb6a64c6bbd28480ea40633c2] [mode=-] [err=-]: [TPSL MONITOR] не получили цены поз: lp=0.0, sp=0.0
[2025-08-03T01:15:21] INFO bot [inst=DOGE-USDT-SWAP] [sess=23cfedffb6a64c6bbd28480ea40633c2] [mode=ORDER] [err=-]: 🕐 [OrderMode] no fill after 10.0s, retry
[2025-08-03T01:15:22] INFO bot [inst=DOGE-USDT-SWAP] [sess=23cfedffb6a64c6bbd28480ea40633c2] [mode=ORDER] [err=-]: 🛑 [OrderMode] cancelled 2740407602078081024
[2025-08-03T01:15:22] INFO bot [inst=DOGE-USDT-SWAP] [sess=23cfedffb6a64c6bbd28480ea40633c2] [mode=ORDER] [err=-]: 🛑 [OrderMode] cancelled 2740407602514288640
[2025-08-03T01:15:22] INFO bot [inst=DOGE-USDT-SWAP] [sess=23cfedffb6a64c6bbd28480ea40633c2] [mode=ORDER] [err=-]: 🔄 [OrderMode] starting order loop
[2025-08-03T01:15:23] INFO bot [inst=DOGE-USDT-SWAP] [sess=23cfedffb6a64c6bbd28480ea40633c2] [mode=ORDER] [err=-]: 🎯 [OrderMode] placed FOK: BUY 2740407994832707584@0.19254244, SELL 2740407995235360768@0.19350756
[2025-08-03T01:15:26] INFO bot [inst=DOGE-USDT-SWAP] [sess=23cfedffb6a64c6bbd28480ea40633c2] [mode=-] [err=-]: [TPSL MONITOR] не получили цены поз: lp=0.0, sp=0.0
[2025-08-03T01:15:31] INFO bot [inst=DOGE-USDT-SWAP] [sess=23cfedffb6a64c6bbd28480ea40633c2] [mode=-] [err=-]: [TPSL MONITOR] не получили цены поз: lp=0.0, sp=0.0
[2025-08-03T01:15:33] INFO bot [inst=DOGE-USDT-SWAP] [sess=23cfedffb6a64c6bbd28480ea40633c2] [mode=ORDER] [err=-]: 🕐 [OrderMode] no fill after 10.0s, retry
[2025-08-03T01:15:33] INFO bot [inst=DOGE-USDT-SWAP] [sess=23cfedffb6a64c6bbd28480ea40633c2] [mode=ORDER] [err=-]: 🛑 [OrderMode] cancelled 2740407994832707584
[2025-08-03T01:15:34] INFO bot [inst=DOGE-USDT-SWAP] [sess=23cfedffb6a64c6bbd28480ea40633c2] [mode=ORDER] [err=-]: 🛑 [OrderMode] cancelled 2740407995235360768
[2025-08-03T01:15:34] INFO bot [inst=DOGE-USDT-SWAP] [sess=23cfedffb6a64c6bbd28480ea40633c2] [mode=ORDER] [err=-]: 🔄 [OrderMode] starting order loop
[2025-08-03T01:15:35] INFO bot [inst=DOGE-USDT-SWAP] [sess=23cfedffb6a64c6bbd28480ea40633c2] [mode=ORDER] [err=-]: 🎯 [OrderMode] placed FOK: BUY 2740408395640397824@0.19249256, SELL 2740408395908833280@0.19345744
[2025-08-03T01:15:36] INFO bot [inst=DOGE-USDT-SWAP] [sess=23cfedffb6a64c6bbd28480ea40633c2] [mode=-] [err=-]: [TPSL MONITOR] не получили цены поз: lp=0.0, sp=0.0
[2025-08-03T01:15:42] INFO bot [inst=DOGE-USDT-SWAP] [sess=23cfedffb6a64c6bbd28480ea40633c2] [mode=-] [err=-]: [TPSL MONITOR] не получили цены поз: lp=0.0, sp=0.0
[2025-08-03T01:15:45] INFO bot [inst=DOGE-USDT-SWAP] [sess=23cfedffb6a64c6bbd28480ea40633c2] [mode=ORDER] [err=-]: 🕐 [OrderMode] no fill after 10.0s, retry
[2025-08-03T01:15:45] INFO bot [inst=DOGE-USDT-SWAP] [sess=23cfedffb6a64c6bbd28480ea40633c2] [mode=ORDER] [err=-]: 🛑 [OrderMode] cancelled 2740408395640397824
[2025-08-03T01:15:46] INFO bot [inst=DOGE-USDT-SWAP] [sess=23cfedffb6a64c6bbd28480ea40633c2] [mode=ORDER] [err=-]: 🛑 [OrderMode] cancelled 2740408395908833280
[2025-08-03T01:15:46] INFO bot [inst=DOGE-USDT-SWAP] [sess=23cfedffb6a64c6bbd28480ea40633c2] [mode=ORDER] [err=-]: 🔄 [OrderMode] starting order loop
[2025-08-03T01:15:47] INFO bot [inst=DOGE-USDT-SWAP] [sess=23cfedffb6a64c6bbd28480ea40633c2] [mode=ORDER] [err=-]: 🎯 [OrderMode] placed FOK: BUY 2740408793361080320@0.19239281, SELL 2740408793797287936@0.19335719
[2025-08-03T01:15:47] INFO bot [inst=DOGE-USDT-SWAP] [sess=23cfedffb6a64c6bbd28480ea40633c2] [mode=-] [err=-]: [TPSL MONITOR] не получили цены поз: lp=0.0, sp=0.0
[2025-08-03T01:15:53] INFO bot [inst=DOGE-USDT-SWAP] [sess=23cfedffb6a64c6bbd28480ea40633c2] [mode=-] [err=-]: [TPSL MONITOR] не получили цены поз: lp=0.0, sp=0.0
[2025-08-03T01:15:57] INFO bot [inst=DOGE-USDT-SWAP] [sess=23cfedffb6a64c6bbd28480ea40633c2] [mode=ORDER] [err=-]: 🕐 [OrderMode] no fill after 10.0s, retry
[2025-08-03T01:15:57] INFO bot [inst=DOGE-USDT-SWAP] [sess=23cfedffb6a64c6bbd28480ea40633c2] [mode=ORDER] [err=-]: 🛑 [OrderMode] cancelled 2740408793361080320
[2025-08-03T01:15:58] INFO bot [inst=DOGE-USDT-SWAP] [sess=23cfedffb6a64c6bbd28480ea40633c2] [mode=ORDER] [err=-]: 🛑 [OrderMode] cancelled 2740408793797287936
[2025-08-03T01:15:58] INFO bot [inst=DOGE-USDT-SWAP] [sess=23cfedffb6a64c6bbd28480ea40633c2] [mode=ORDER] [err=-]: 🔄 [OrderMode] starting order loop
[2025-08-03T01:15:58] INFO bot [inst=DOGE-USDT-SWAP] [sess=23cfedffb6a64c6bbd28480ea40633c2] [mode=-] [err=-]: [TPSL MONITOR] не получили цены поз: lp=0.0, sp=0.0
[2025-08-03T01:15:59] INFO bot [inst=DOGE-USDT-SWAP] [sess=23cfedffb6a64c6bbd28480ea40633c2] [mode=ORDER] [err=-]: 🎯 [OrderMode] placed FOK: BUY 2740409199403261952@0.19234294, SELL 2740409199705251840@0.19330706
[2025-08-03T01:16:03] INFO bot [inst=DOGE-USDT-SWAP] [sess=23cfedffb6a64c6bbd28480ea40633c2] [mode=-] [err=-]: [TPSL MONITOR] не получили цены поз: lp=0.0, sp=0.0
[2025-08-03T01:16:09] INFO bot [inst=DOGE-USDT-SWAP] [sess=23cfedffb6a64c6bbd28480ea40633c2] [mode=-] [err=-]: [TPSL MONITOR] не получили цены поз: lp=0.0, sp=0.0
[2025-08-03T01:16:09] INFO bot [inst=DOGE-USDT-SWAP] [sess=23cfedffb6a64c6bbd28480ea40633c2] [mode=ORDER] [err=-]: 🕐 [OrderMode] no fill after 10.0s, retry
[2025-08-03T01:16:09] INFO bot [inst=DOGE-USDT-SWAP] [sess=23cfedffb6a64c6bbd28480ea40633c2] [mode=ORDER] [err=-]: 🛑 [OrderMode] cancelled 2740409199403261952
[2025-08-03T01:16:10] INFO bot [inst=DOGE-USDT-SWAP] [sess=23cfedffb6a64c6bbd28480ea40633c2] [mode=ORDER] [err=-]: 🛑 [OrderMode] cancelled 2740409199705251840
[2025-08-03T01:16:10] INFO bot [inst=DOGE-USDT-SWAP] [sess=23cfedffb6a64c6bbd28480ea40633c2] [mode=ORDER] [err=-]: 🔄 [OrderMode] starting order loop
[2025-08-03T01:16:11] INFO bot [inst=DOGE-USDT-SWAP] [sess=23cfedffb6a64c6bbd28480ea40633c2] [mode=ORDER] [err=-]: 🎯 [OrderMode] placed FOK: BUY 2740409595077124096@0.19236787, SELL 2740409595446222848@0.19333212
[2025-08-03T01:16:14] INFO bot [inst=DOGE-USDT-SWAP] [sess=23cfedffb6a64c6bbd28480ea40633c2] [mode=-] [err=-]: [TPSL MONITOR] не получили цены поз: lp=0.0, sp=0.0
[2025-08-03T01:16:19] INFO bot [inst=DOGE-USDT-SWAP] [sess=23cfedffb6a64c6bbd28480ea40633c2] [mode=FILL] [err=-]: ⚡ [FILL] DOGE-USDT-SWAP: SELL/short closed size=0.05@0.19275
[2025-08-03T01:16:20] INFO bot [inst=DOGE-USDT-SWAP] [sess=23cfedffb6a64c6bbd28480ea40633c2] [mode=-] [err=-]: [TPSL MONITOR] не получили цены поз: lp=0.0, sp=0.19275
[2025-08-03T01:16:20] INFO bot [inst=DOGE-USDT-SWAP] [sess=23cfedffb6a64c6bbd28480ea40633c2] [mode=ORDER] [err=-]: 🛑 [OrderMode] cancelled 2740409595077124096
[2025-08-03T01:16:20] INFO bot [inst=DOGE-USDT-SWAP] [sess=23cfedffb6a64c6bbd28480ea40633c2] [mode=PREHEDGE] [err=-]: → PRE-HEDGE mode
[2025-08-03T01:16:20] DEBUG bot [inst=DOGE-USDT-SWAP] [sess=23cfedffb6a64c6bbd28480ea40633c2] [mode=-] [err=-]: 🎯 [PreHEDGE] placing TP: {'instId': 'DOGE-USDT-SWAP', 'instType': 'SWAP', 'tdMode': 'cross', 'ordType': 'conditional', 'posSide': 'short', 'side': 'buy', 'algoClOrdId': 'PSDOGEUSDTSWAP', 'tpTriggerPx': '0.19082250', 'tpOrdPx': '-1', 'closeFraction': '1', 'reduceOnly': True}
[2025-08-03T01:16:20] INFO bot [inst=DOGE-USDT-SWAP] [sess=23cfedffb6a64c6bbd28480ea40633c2] [mode=ORDER] [err=-]: ✅ [OrderMode] filled 2740409595446222848, ORDER mode turn off
[2025-08-03T01:16:20] INFO bot [inst=DOGE-USDT-SWAP] [sess=23cfedffb6a64c6bbd28480ea40633c2] [mode=-] [err=-]: 🎯 [PreHEDGE] TP placed @ 0.19082250
[2025-08-03T01:16:20] INFO bot [inst=DOGE-USDT-SWAP] [sess=23cfedffb6a64c6bbd28480ea40633c2] [mode=-] [err=-]: ⏳ [PreHEDGE] waiting for loss ≤ −0.00%
[2025-08-03T01:16:25] INFO bot [inst=DOGE-USDT-SWAP] [sess=23cfedffb6a64c6bbd28480ea40633c2] [mode=-] [err=-]: [TPSL MONITOR] не получили цены поз: lp=0.0, sp=0.19275
[2025-08-03T01:16:30] INFO bot [inst=DOGE-USDT-SWAP] [sess=23cfedffb6a64c6bbd28480ea40633c2] [mode=-] [err=-]: [TPSL MONITOR] не получили цены поз: lp=0.0, sp=0.19275
[2025-08-03T01:16:36] INFO bot [inst=DOGE-USDT-SWAP] [sess=23cfedffb6a64c6bbd28480ea40633c2] [mode=-] [err=-]: [TPSL MONITOR] не получили цены поз: lp=0.0, sp=0.19275
[2025-08-03T01:16:41] INFO bot [inst=DOGE-USDT-SWAP] [sess=23cfedffb6a64c6bbd28480ea40633c2] [mode=-] [err=-]: [TPSL MONITOR] не получили цены поз: lp=0.0, sp=0.19275
[2025-08-03T01:16:46] INFO bot [inst=DOGE-USDT-SWAP] [sess=23cfedffb6a64c6bbd28480ea40633c2] [mode=-] [err=-]: [TPSL MONITOR] не получили цены поз: lp=0.0, sp=0.19275
[2025-08-03T01:16:52] INFO bot [inst=DOGE-USDT-SWAP] [sess=23cfedffb6a64c6bbd28480ea40633c2] [mode=-] [err=-]: [TPSL MONITOR] не получили цены поз: lp=0.0, sp=0.19275
[2025-08-03T01:16:57] INFO bot [inst=DOGE-USDT-SWAP] [sess=23cfedffb6a64c6bbd28480ea40633c2] [mode=-] [err=-]: [TPSL MONITOR] не получили цены поз: lp=0.0, sp=0.19275
[2025-08-03T01:17:03] INFO bot [inst=DOGE-USDT-SWAP] [sess=23cfedffb6a64c6bbd28480ea40633c2] [mode=-] [err=-]: [TPSL MONITOR] не получили цены поз: lp=0.0, sp=0.19275
[2025-08-03T01:17:08] INFO bot [inst=DOGE-USDT-SWAP] [sess=23cfedffb6a64c6bbd28480ea40633c2] [mode=-] [err=-]: [TPSL MONITOR] не получили цены поз: lp=0.0, sp=0.19275
[2025-08-03T01:17:13] INFO bot [inst=DOGE-USDT-SWAP] [sess=23cfedffb6a64c6bbd28480ea40633c2] [mode=-] [err=-]: [TPSL MONITOR] не получили цены поз: lp=0.0, sp=0.19275
[2025-08-03T01:17:19] INFO bot [inst=DOGE-USDT-SWAP] [sess=23cfedffb6a64c6bbd28480ea40633c2] [mode=-] [err=-]: [TPSL MONITOR] не получили цены поз: lp=0.0, sp=0.19275
[2025-08-03T01:17:24] INFO bot [inst=DOGE-USDT-SWAP] [sess=23cfedffb6a64c6bbd28480ea40633c2] [mode=-] [err=-]: [TPSL MONITOR] не получили цены поз: lp=0.0, sp=0.19275
[2025-08-03T01:17:26] INFO bot [inst=DOGE-USDT-SWAP] [sess=23cfedffb6a64c6bbd28480ea40633c2] [mode=FILL] [err=-]: ⚡ [FILL] DOGE-USDT-SWAP: BUY/short closed size=0.04@0.19075
[2025-08-03T01:17:26] INFO bot [inst=DOGE-USDT-SWAP] [sess=23cfedffb6a64c6bbd28480ea40633c2] [mode=ORDER] [err=-]: → ORDER mode
[2025-08-03T01:17:26] INFO bot [inst=DOGE-USDT-SWAP] [sess=23cfedffb6a64c6bbd28480ea40633c2] [mode=ORDER] [err=-]: 🔄 [OrderMode] starting order loop
[2025-08-03T01:17:28] INFO bot [inst=DOGE-USDT-SWAP] [sess=23cfedffb6a64c6bbd28480ea40633c2] [mode=ORDER] [err=-]: 🎯 [OrderMode] placed FOK: BUY 2740412174003658752@0.18902625, SELL 2740412184841740288@0.18997375
[2025-08-03T01:17:28] INFO bot [inst=DOGE-USDT-SWAP] [sess=23cfedffb6a64c6bbd28480ea40633c2] [mode=FILL] [err=-]: ⚡ [FILL] DOGE-USDT-SWAP: SELL/short closed size=0.02@0.19025
[2025-08-03T01:17:28] INFO bot [inst=DOGE-USDT-SWAP] [sess=23cfedffb6a64c6bbd28480ea40633c2] [mode=ORDER] [err=-]: 🛑 [OrderMode] cancelled 2740412174003658752
[2025-08-03T01:17:29] INFO bot [inst=DOGE-USDT-SWAP] [sess=23cfedffb6a64c6bbd28480ea40633c2] [mode=ORDER] [err=-]: ✅ [OrderMode] filled 2740412184841740288, ORDER mode turn off
[2025-08-03T01:17:29] INFO bot [inst=DOGE-USDT-SWAP] [sess=23cfedffb6a64c6bbd28480ea40633c2] [mode=-] [err=-]: [TPSL MONITOR] не получили цены поз: lp=0.0, sp=0.19025
[2025-08-03T01:17:35] INFO bot [inst=DOGE-USDT-SWAP] [sess=23cfedffb6a64c6bbd28480ea40633c2] [mode=-] [err=-]: [TPSL MONITOR] не получили цены поз: lp=0.0, sp=0.19025
[2025-08-03T01:17:40] INFO bot [inst=DOGE-USDT-SWAP] [sess=23cfedffb6a64c6bbd28480ea40633c2] [mode=-] [err=-]: [TPSL MONITOR] не получили цены поз: lp=0.0, sp=0.19025
[2025-08-03T01:17:45] INFO bot [inst=DOGE-USDT-SWAP] [sess=23cfedffb6a64c6bbd28480ea40633c2] [mode=-] [err=-]: [TPSL MONITOR] не получили цены поз: lp=0.0, sp=0.19025
[2025-08-03T01:17:51] INFO bot [inst=DOGE-USDT-SWAP] [sess=23cfedffb6a64c6bbd28480ea40633c2] [mode=-] [err=-]: [TPSL MONITOR] не получили цены поз: lp=0.0, sp=0.19025
[2025-08-03T01:17:56] INFO bot [inst=DOGE-USDT-SWAP] [sess=23cfedffb6a64c6bbd28480ea40633c2] [mode=-] [err=-]: [TPSL MONITOR] не получили цены поз: lp=0.0, sp=0.19025
[2025-08-03T01:18:01] INFO bot [inst=DOGE-USDT-SWAP] [sess=23cfedffb6a64c6bbd28480ea40633c2] [mode=-] [err=-]: [TPSL MONITOR] не получили цены поз: lp=0.0, sp=0.19025
[2025-08-03T01:18:07] INFO bot [inst=DOGE-USDT-SWAP] [sess=23cfedffb6a64c6bbd28480ea40633c2] [mode=-] [err=-]: [TPSL MONITOR] не получили цены поз: lp=0.0, sp=0.19025
[2025-08-03T01:18:12] INFO bot [inst=DOGE-USDT-SWAP] [sess=23cfedffb6a64c6bbd28480ea40633c2] [mode=-] [err=-]: [TPSL MONITOR] не получили цены поз: lp=0.0, sp=0.19025
[2025-08-03T01:18:17] INFO bot [inst=DOGE-USDT-SWAP] [sess=23cfedffb6a64c6bbd28480ea40633c2] [mode=-] [err=-]: [TPSL MONITOR] не получили цены поз: lp=0.0, sp=0.19025
[2025-08-03T01:18:23] INFO bot [inst=DOGE-USDT-SWAP] [sess=23cfedffb6a64c6bbd28480ea40633c2] [mode=-] [err=-]: [TPSL MONITOR] не получили цены поз: lp=0.0, sp=0.19025
[2025-08-03T01:18:28] INFO bot [inst=DOGE-USDT-SWAP] [sess=23cfedffb6a64c6bbd28480ea40633c2] [mode=-] [err=-]: [TPSL MONITOR] не получили цены поз: lp=0.0, sp=0.19025
[2025-08-03T01:18:33] INFO bot [inst=DOGE-USDT-SWAP] [sess=23cfedffb6a64c6bbd28480ea40633c2] [mode=-] [err=-]: [TPSL MONITOR] не получили цены поз: lp=0.0, sp=0.19025
[2025-08-03T01:18:39] INFO bot [inst=DOGE-USDT-SWAP] [sess=23cfedffb6a64c6bbd28480ea40633c2] [mode=-] [err=-]: [TPSL MONITOR] не получили цены поз: lp=0.0, sp=0.19025
[2025-08-03T01:18:44] INFO bot [inst=DOGE-USDT-SWAP] [sess=23cfedffb6a64c6bbd28480ea40633c2] [mode=-] [err=-]: [TPSL MONITOR] не получили цены поз: lp=0.0, sp=0.19025
[2025-08-03T01:18:49] INFO bot [inst=DOGE-USDT-SWAP] [sess=23cfedffb6a64c6bbd28480ea40633c2] [mode=-] [err=-]: [TPSL MONITOR] не получили цены поз: lp=0.0, sp=0.19025
[2025-08-03T01:18:55] INFO bot [inst=DOGE-USDT-SWAP] [sess=23cfedffb6a64c6bbd28480ea40633c2] [mode=-] [err=-]: [TPSL MONITOR] не получили цены поз: lp=0.0, sp=0.19025
[2025-08-03T01:19:00] INFO bot [inst=DOGE-USDT-SWAP] [sess=23cfedffb6a64c6bbd28480ea40633c2] [mode=-] [err=-]: [TPSL MONITOR] не получили цены поз: lp=0.0, sp=0.19025
[2025-08-03T01:19:05] INFO bot [inst=DOGE-USDT-SWAP] [sess=23cfedffb6a64c6bbd28480ea40633c2] [mode=-] [err=-]: [TPSL MONITOR] не получили цены поз: lp=0.0, sp=0.19025
[2025-08-03T01:19:11] INFO bot [inst=DOGE-USDT-SWAP] [sess=23cfedffb6a64c6bbd28480ea40633c2] [mode=-] [err=-]: [TPSL MONITOR] не получили цены поз: lp=0.0, sp=0.19025
[2025-08-03T01:19:16] INFO bot [inst=DOGE-USDT-SWAP] [sess=23cfedffb6a64c6bbd28480ea40633c2] [mode=-] [err=-]: [TPSL MONITOR] не получили цены поз: lp=0.0, sp=0.19025
[2025-08-03T01:19:21] INFO bot [inst=DOGE-USDT-SWAP] [sess=23cfedffb6a64c6bbd28480ea40633c2] [mode=-] [err=-]: [TPSL MONITOR] не получили цены поз: lp=0.0, sp=0.19025
[2025-08-03T01:19:27] INFO bot [inst=DOGE-USDT-SWAP] [sess=23cfedffb6a64c6bbd28480ea40633c2] [mode=-] [err=-]: [TPSL MONITOR] не получили цены поз: lp=0.0, sp=0.19025
[2025-08-03T01:19:32] INFO bot [inst=DOGE-USDT-SWAP] [sess=23cfedffb6a64c6bbd28480ea40633c2] [mode=-] [err=-]: [TPSL MONITOR] не получили цены поз: lp=0.0, sp=0.19025
[2025-08-03T01:19:37] INFO bot [inst=DOGE-USDT-SWAP] [sess=23cfedffb6a64c6bbd28480ea40633c2] [mode=-] [err=-]: [TPSL MONITOR] не получили цены поз: lp=0.0, sp=0.19025
[2025-08-03T01:19:43] INFO bot [inst=DOGE-USDT-SWAP] [sess=23cfedffb6a64c6bbd28480ea40633c2] [mode=-] [err=-]: [TPSL MONITOR] не получили цены поз: lp=0.0, sp=0.19025
[2025-08-03T01:19:48] INFO bot [inst=DOGE-USDT-SWAP] [sess=23cfedffb6a64c6bbd28480ea40633c2] [mode=-] [err=-]: [TPSL MONITOR] не получили цены поз: lp=0.0, sp=0.19025
[2025-08-03T01:19:53] INFO bot [inst=DOGE-USDT-SWAP] [sess=23cfedffb6a64c6bbd28480ea40633c2] [mode=-] [err=-]: [TPSL MONITOR] не получили цены поз: lp=0.0, sp=0.19025
[2025-08-03T01:19:59] INFO bot [inst=DOGE-USDT-SWAP] [sess=23cfedffb6a64c6bbd28480ea40633c2] [mode=-] [err=-]: [TPSL MONITOR] не получили цены поз: lp=0.0, sp=0.19025
[2025-08-03T01:20:04] INFO bot [inst=DOGE-USDT-SWAP] [sess=23cfedffb6a64c6bbd28480ea40633c2] [mode=-] [err=-]: [TPSL MONITOR] не получили цены поз: lp=0.0, sp=0.19025
[2025-08-03T01:20:08] INFO bot [inst=DOGE-USDT-SWAP] [sess=23cfedffb6a64c6bbd28480ea40633c2] [mode=SHUTDOWN] [err=-]: Shutdown initiated
[2025-08-03T01:20:14] INFO bot [inst=DOGE-USDT-SWAP] [sess=9e849c8efc0a42bd892926d27361c4c7] [mode=START] [err=-]: ⏲️ Time offset set to -833 ms
[2025-08-03T01:20:15] INFO bot [inst=DOGE-USDT-SWAP] [sess=9e849c8efc0a42bd892926d27361c4c7] [mode=START] [err=-]: 📈 Initial snapshot fetched: {'code': '0', 'msg': '', 'data': [{'asks': [['0.19215', '758.76', '0', '1'], ['0.1923', '17.11', '0', '17'], ['0.19235', '30.13', '0', '22'], ['0.1924', '126.12', '0', '39'], ['0.19245', '3.52', '0', '17']], 'bids': [['0.19205', '3.72', '0', '1'], ['0.192', '500.62', '0', '9'], ['0.19195', '1331.42', '0', '9'], ['0.1919', '637.48', '0', '7'], ['0.19185', '2.59', '0', '3']], 'ts': '1754173214250'}]}
[2025-08-03T01:20:15] INFO bot [inst=DOGE-USDT-SWAP] [sess=9e849c8efc0a42bd892926d27361c4c7] [mode=REINVEST] [err=-]: [REINVEST] enabled=True, pct=100.00%, min_lot=0.01
[2025-08-03T01:20:15] INFO bot [inst=DOGE-USDT-SWAP] [sess=9e849c8efc0a42bd892926d27361c4c7] [mode=START] [err=-]: Orchestrator started
[2025-08-03T01:20:15] INFO bot [inst=DOGE-USDT-SWAP] [sess=9e849c8efc0a42bd892926d27361c4c7] [mode=STARTUP] [err=-]: Startup detected ONE leg → PRE-HEDGE mode
[2025-08-03T01:20:16] INFO bot [inst=DOGE-USDT-SWAP] [sess=9e849c8efc0a42bd892926d27361c4c7] [mode=WS] [err=-]: ✅ [WS-PRIV] login successful
[2025-08-03T01:20:16] INFO bot [inst=DOGE-USDT-SWAP] [sess=9e849c8efc0a42bd892926d27361c4c7] [mode=WS] [err=-]: ✅ [WS-PUB] subscribed to tickers
[2025-08-03T01:20:16] INFO bot [inst=DOGE-USDT-SWAP] [sess=9e849c8efc0a42bd892926d27361c4c7] [mode=WS] [err=-]: ✅ [WS-PRIV] subscribed to orders
[2025-08-03T01:20:17] INFO bot [inst=DOGE-USDT-SWAP] [sess=9e849c8efc0a42bd892926d27361c4c7] [mode=WS] [err=-]: ✅ [WS-PRIV] subscribed to positions
[2025-08-03T01:20:17] DEBUG bot [inst=DOGE-USDT-SWAP] [sess=9e849c8efc0a42bd892926d27361c4c7] [mode=-] [err=-]: 🎯 [PreHEDGE] placing TP: {'instId': 'DOGE-USDT-SWAP', 'instType': 'SWAP', 'tdMode': 'cross', 'ordType': 'conditional', 'posSide': 'short', 'side': 'buy', 'algoClOrdId': 'PSDOGEUSDTSWAP', 'tpTriggerPx': '0.18834750', 'tpOrdPx': '-1', 'closeFraction': '1', 'reduceOnly': True}
[2025-08-03T01:20:17] INFO bot [inst=DOGE-USDT-SWAP] [sess=9e849c8efc0a42bd892926d27361c4c7] [mode=-] [err=-]: 🎯 [PreHEDGE] TP placed @ 0.18834750
[2025-08-03T01:20:17] INFO bot [inst=DOGE-USDT-SWAP] [sess=9e849c8efc0a42bd892926d27361c4c7] [mode=-] [err=-]: ⏳ [PreHEDGE] waiting for loss ≤ −0.10%
[2025-08-03T01:20:19] ERROR bot [inst=DOGE-USDT-SWAP] [sess=9e849c8efc0a42bd892926d27361c4c7] [mode=LOOP] [err=-]: Loop-level exception
Traceback (most recent call last):
  File "d:\Develop\Python\trade_bot\11.9.1\core\prehedge_watcher.py", line 147, in _delayed_loss_check
    last_px = await self.ws.get_last_price(self.inst)
                    ^^^^^^^^^^^^^^^^^^^^^^
AttributeError: 'WSMonitor' object has no attribute 'get_last_price'. Did you mean: 'get_mark_price'?
[2025-08-03T01:20:20] DEBUG bot [inst=DOGE-USDT-SWAP] [sess=9e849c8efc0a42bd892926d27361c4c7] [mode=-] [err=-]: 🔄 [TPSL] initial sync pass
[2025-08-03T01:20:21] ERROR bot [inst=DOGE-USDT-SWAP] [sess=9e849c8efc0a42bd892926d27361c4c7] [mode=LOOP] [err=-]: Loop-level exception
Traceback (most recent call last):
  File "d:\Develop\Python\trade_bot\11.9.1\core\prehedge_watcher.py", line 147, in _delayed_loss_check
    last_px = await self.ws.get_last_price(self.inst)
                    ^^^^^^^^^^^^^^^^^^^^^^
AttributeError: 'WSMonitor' object has no attribute 'get_last_price'. Did you mean: 'get_mark_price'?
[2025-08-03T01:20:23] ERROR bot [inst=DOGE-USDT-SWAP] [sess=9e849c8efc0a42bd892926d27361c4c7] [mode=LOOP] [err=-]: Loop-level exception
Traceback (most recent call last):
  File "d:\Develop\Python\trade_bot\11.9.1\core\prehedge_watcher.py", line 147, in _delayed_loss_check
    last_px = await self.ws.get_last_price(self.inst)
                    ^^^^^^^^^^^^^^^^^^^^^^
AttributeError: 'WSMonitor' object has no attribute 'get_last_price'. Did you mean: 'get_mark_price'?
[2025-08-03T01:20:25] ERROR bot [inst=DOGE-USDT-SWAP] [sess=9e849c8efc0a42bd892926d27361c4c7] [mode=LOOP] [err=-]: Loop-level exception
Traceback (most recent call last):
  File "d:\Develop\Python\trade_bot\11.9.1\core\prehedge_watcher.py", line 147, in _delayed_loss_check
    last_px = await self.ws.get_last_price(self.inst)
                    ^^^^^^^^^^^^^^^^^^^^^^
AttributeError: 'WSMonitor' object has no attribute 'get_last_price'. Did you mean: 'get_mark_price'?
[2025-08-03T01:20:27] ERROR bot [inst=DOGE-USDT-SWAP] [sess=9e849c8efc0a42bd892926d27361c4c7] [mode=LOOP] [err=-]: Loop-level exception
Traceback (most recent call last):
  File "d:\Develop\Python\trade_bot\11.9.1\core\prehedge_watcher.py", line 147, in _delayed_loss_check
    last_px = await self.ws.get_last_price(self.inst)
                    ^^^^^^^^^^^^^^^^^^^^^^
AttributeError: 'WSMonitor' object has no attribute 'get_last_price'. Did you mean: 'get_mark_price'?
[2025-08-03T01:20:30] ERROR bot [inst=DOGE-USDT-SWAP] [sess=9e849c8efc0a42bd892926d27361c4c7] [mode=LOOP] [err=-]: Loop-level exception
Traceback (most recent call last):
  File "d:\Develop\Python\trade_bot\11.9.1\core\prehedge_watcher.py", line 147, in _delayed_loss_check
    last_px = await self.ws.get_last_price(self.inst)
                    ^^^^^^^^^^^^^^^^^^^^^^
AttributeError: 'WSMonitor' object has no attribute 'get_last_price'. Did you mean: 'get_mark_price'?
[2025-08-03T01:20:32] ERROR bot [inst=DOGE-USDT-SWAP] [sess=9e849c8efc0a42bd892926d27361c4c7] [mode=LOOP] [err=-]: Loop-level exception
Traceback (most recent call last):
  File "d:\Develop\Python\trade_bot\11.9.1\core\prehedge_watcher.py", line 147, in _delayed_loss_check
    last_px = await self.ws.get_last_price(self.inst)
                    ^^^^^^^^^^^^^^^^^^^^^^
AttributeError: 'WSMonitor' object has no attribute 'get_last_price'. Did you mean: 'get_mark_price'?
[2025-08-03T01:20:34] ERROR bot [inst=DOGE-USDT-SWAP] [sess=9e849c8efc0a42bd892926d27361c4c7] [mode=LOOP] [err=-]: Loop-level exception
Traceback (most recent call last):
  File "d:\Develop\Python\trade_bot\11.9.1\core\prehedge_watcher.py", line 147, in _delayed_loss_check
    last_px = await self.ws.get_last_price(self.inst)
                    ^^^^^^^^^^^^^^^^^^^^^^
AttributeError: 'WSMonitor' object has no attribute 'get_last_price'. Did you mean: 'get_mark_price'?
[2025-08-03T01:20:36] ERROR bot [inst=DOGE-USDT-SWAP] [sess=9e849c8efc0a42bd892926d27361c4c7] [mode=LOOP] [err=-]: Loop-level exception
Traceback (most recent call last):
  File "d:\Develop\Python\trade_bot\11.9.1\core\prehedge_watcher.py", line 147, in _delayed_loss_check
    last_px = await self.ws.get_last_price(self.inst)
                    ^^^^^^^^^^^^^^^^^^^^^^
AttributeError: 'WSMonitor' object has no attribute 'get_last_price'. Did you mean: 'get_mark_price'?
[2025-08-03T01:20:38] ERROR bot [inst=DOGE-USDT-SWAP] [sess=9e849c8efc0a42bd892926d27361c4c7] [mode=LOOP] [err=-]: Loop-level exception
Traceback (most recent call last):
  File "d:\Develop\Python\trade_bot\11.9.1\core\prehedge_watcher.py", line 147, in _delayed_loss_check
    last_px = await self.ws.get_last_price(self.inst)
                    ^^^^^^^^^^^^^^^^^^^^^^
AttributeError: 'WSMonitor' object has no attribute 'get_last_price'. Did you mean: 'get_mark_price'?
[2025-08-03T01:20:40] ERROR bot [inst=DOGE-USDT-SWAP] [sess=9e849c8efc0a42bd892926d27361c4c7] [mode=LOOP] [err=-]: Loop-level exception
Traceback (most recent call last):
  File "d:\Develop\Python\trade_bot\11.9.1\core\prehedge_watcher.py", line 147, in _delayed_loss_check
    last_px = await self.ws.get_last_price(self.inst)
                    ^^^^^^^^^^^^^^^^^^^^^^
AttributeError: 'WSMonitor' object has no attribute 'get_last_price'. Did you mean: 'get_mark_price'?
[2025-08-03T01:20:42] ERROR bot [inst=DOGE-USDT-SWAP] [sess=9e849c8efc0a42bd892926d27361c4c7] [mode=LOOP] [err=-]: Loop-level exception
Traceback (most recent call last):
  File "d:\Develop\Python\trade_bot\11.9.1\core\prehedge_watcher.py", line 147, in _delayed_loss_check
    last_px = await self.ws.get_last_price(self.inst)
                    ^^^^^^^^^^^^^^^^^^^^^^
AttributeError: 'WSMonitor' object has no attribute 'get_last_price'. Did you mean: 'get_mark_price'?
[2025-08-03T01:20:44] ERROR bot [inst=DOGE-USDT-SWAP] [sess=9e849c8efc0a42bd892926d27361c4c7] [mode=LOOP] [err=-]: Loop-level exception
Traceback (most recent call last):
  File "d:\Develop\Python\trade_bot\11.9.1\core\prehedge_watcher.py", line 147, in _delayed_loss_check
    last_px = await self.ws.get_last_price(self.inst)
                    ^^^^^^^^^^^^^^^^^^^^^^
AttributeError: 'WSMonitor' object has no attribute 'get_last_price'. Did you mean: 'get_mark_price'?
[2025-08-03T01:20:46] ERROR bot [inst=DOGE-USDT-SWAP] [sess=9e849c8efc0a42bd892926d27361c4c7] [mode=LOOP] [err=-]: Loop-level exception
Traceback (most recent call last):
  File "d:\Develop\Python\trade_bot\11.9.1\core\prehedge_watcher.py", line 147, in _delayed_loss_check
    last_px = await self.ws.get_last_price(self.inst)
                    ^^^^^^^^^^^^^^^^^^^^^^
AttributeError: 'WSMonitor' object has no attribute 'get_last_price'. Did you mean: 'get_mark_price'?
[2025-08-03T01:20:48] ERROR bot [inst=DOGE-USDT-SWAP] [sess=9e849c8efc0a42bd892926d27361c4c7] [mode=LOOP] [err=-]: Loop-level exception
Traceback (most recent call last):
  File "d:\Develop\Python\trade_bot\11.9.1\core\prehedge_watcher.py", line 147, in _delayed_loss_check
    last_px = await self.ws.get_last_price(self.inst)
                    ^^^^^^^^^^^^^^^^^^^^^^
AttributeError: 'WSMonitor' object has no attribute 'get_last_price'. Did you mean: 'get_mark_price'?
[2025-08-03T01:20:50] ERROR bot [inst=DOGE-USDT-SWAP] [sess=9e849c8efc0a42bd892926d27361c4c7] [mode=LOOP] [err=-]: Loop-level exception
Traceback (most recent call last):
  File "d:\Develop\Python\trade_bot\11.9.1\core\prehedge_watcher.py", line 147, in _delayed_loss_check
    last_px = await self.ws.get_last_price(self.inst)
                    ^^^^^^^^^^^^^^^^^^^^^^
AttributeError: 'WSMonitor' object has no attribute 'get_last_price'. Did you mean: 'get_mark_price'?
[2025-08-03T01:20:52] ERROR bot [inst=DOGE-USDT-SWAP] [sess=9e849c8efc0a42bd892926d27361c4c7] [mode=LOOP] [err=-]: Loop-level exception
Traceback (most recent call last):
  File "d:\Develop\Python\trade_bot\11.9.1\core\prehedge_watcher.py", line 147, in _delayed_loss_check
    last_px = await self.ws.get_last_price(self.inst)
                    ^^^^^^^^^^^^^^^^^^^^^^
AttributeError: 'WSMonitor' object has no attribute 'get_last_price'. Did you mean: 'get_mark_price'?
[2025-08-03T01:20:55] ERROR bot [inst=DOGE-USDT-SWAP] [sess=9e849c8efc0a42bd892926d27361c4c7] [mode=LOOP] [err=-]: Loop-level exception
Traceback (most recent call last):
  File "d:\Develop\Python\trade_bot\11.9.1\core\prehedge_watcher.py", line 147, in _delayed_loss_check
    last_px = await self.ws.get_last_price(self.inst)
                    ^^^^^^^^^^^^^^^^^^^^^^
AttributeError: 'WSMonitor' object has no attribute 'get_last_price'. Did you mean: 'get_mark_price'?
[2025-08-03T01:20:57] ERROR bot [inst=DOGE-USDT-SWAP] [sess=9e849c8efc0a42bd892926d27361c4c7] [mode=LOOP] [err=-]: Loop-level exception
Traceback (most recent call last):
  File "d:\Develop\Python\trade_bot\11.9.1\core\prehedge_watcher.py", line 147, in _delayed_loss_check
    last_px = await self.ws.get_last_price(self.inst)
                    ^^^^^^^^^^^^^^^^^^^^^^
AttributeError: 'WSMonitor' object has no attribute 'get_last_price'. Did you mean: 'get_mark_price'?
[2025-08-03T01:20:59] ERROR bot [inst=DOGE-USDT-SWAP] [sess=9e849c8efc0a42bd892926d27361c4c7] [mode=LOOP] [err=-]: Loop-level exception
Traceback (most recent call last):
  File "d:\Develop\Python\trade_bot\11.9.1\core\prehedge_watcher.py", line 147, in _delayed_loss_check
    last_px = await self.ws.get_last_price(self.inst)
                    ^^^^^^^^^^^^^^^^^^^^^^
AttributeError: 'WSMonitor' object has no attribute 'get_last_price'. Did you mean: 'get_mark_price'?
[2025-08-03T01:21:01] ERROR bot [inst=DOGE-USDT-SWAP] [sess=9e849c8efc0a42bd892926d27361c4c7] [mode=LOOP] [err=-]: Loop-level exception
Traceback (most recent call last):
  File "d:\Develop\Python\trade_bot\11.9.1\core\prehedge_watcher.py", line 147, in _delayed_loss_check
    last_px = await self.ws.get_last_price(self.inst)
                    ^^^^^^^^^^^^^^^^^^^^^^
AttributeError: 'WSMonitor' object has no attribute 'get_last_price'. Did you mean: 'get_mark_price'?
[2025-08-03T01:21:03] ERROR bot [inst=DOGE-USDT-SWAP] [sess=9e849c8efc0a42bd892926d27361c4c7] [mode=LOOP] [err=-]: Loop-level exception
Traceback (most recent call last):
  File "d:\Develop\Python\trade_bot\11.9.1\core\prehedge_watcher.py", line 147, in _delayed_loss_check
    last_px = await self.ws.get_last_price(self.inst)
                    ^^^^^^^^^^^^^^^^^^^^^^
AttributeError: 'WSMonitor' object has no attribute 'get_last_price'. Did you mean: 'get_mark_price'?
[2025-08-03T01:21:05] ERROR bot [inst=DOGE-USDT-SWAP] [sess=9e849c8efc0a42bd892926d27361c4c7] [mode=LOOP] [err=-]: Loop-level exception
Traceback (most recent call last):
  File "d:\Develop\Python\trade_bot\11.9.1\core\prehedge_watcher.py", line 147, in _delayed_loss_check
    last_px = await self.ws.get_last_price(self.inst)
                    ^^^^^^^^^^^^^^^^^^^^^^
AttributeError: 'WSMonitor' object has no attribute 'get_last_price'. Did you mean: 'get_mark_price'?
[2025-08-03T01:21:07] ERROR bot [inst=DOGE-USDT-SWAP] [sess=9e849c8efc0a42bd892926d27361c4c7] [mode=LOOP] [err=-]: Loop-level exception
Traceback (most recent call last):
  File "d:\Develop\Python\trade_bot\11.9.1\core\prehedge_watcher.py", line 147, in _delayed_loss_check
    last_px = await self.ws.get_last_price(self.inst)
                    ^^^^^^^^^^^^^^^^^^^^^^
AttributeError: 'WSMonitor' object has no attribute 'get_last_price'. Did you mean: 'get_mark_price'?
[2025-08-03T01:21:09] ERROR bot [inst=DOGE-USDT-SWAP] [sess=9e849c8efc0a42bd892926d27361c4c7] [mode=LOOP] [err=-]: Loop-level exception
Traceback (most recent call last):
  File "d:\Develop\Python\trade_bot\11.9.1\core\prehedge_watcher.py", line 147, in _delayed_loss_check
    last_px = await self.ws.get_last_price(self.inst)
                    ^^^^^^^^^^^^^^^^^^^^^^
AttributeError: 'WSMonitor' object has no attribute 'get_last_price'. Did you mean: 'get_mark_price'?
[2025-08-03T01:21:11] ERROR bot [inst=DOGE-USDT-SWAP] [sess=9e849c8efc0a42bd892926d27361c4c7] [mode=LOOP] [err=-]: Loop-level exception
Traceback (most recent call last):
  File "d:\Develop\Python\trade_bot\11.9.1\core\prehedge_watcher.py", line 147, in _delayed_loss_check
    last_px = await self.ws.get_last_price(self.inst)
                    ^^^^^^^^^^^^^^^^^^^^^^
AttributeError: 'WSMonitor' object has no attribute 'get_last_price'. Did you mean: 'get_mark_price'?
[2025-08-03T01:21:13] ERROR bot [inst=DOGE-USDT-SWAP] [sess=9e849c8efc0a42bd892926d27361c4c7] [mode=LOOP] [err=-]: Loop-level exception
Traceback (most recent call last):
  File "d:\Develop\Python\trade_bot\11.9.1\core\prehedge_watcher.py", line 147, in _delayed_loss_check
    last_px = await self.ws.get_last_price(self.inst)
                    ^^^^^^^^^^^^^^^^^^^^^^
AttributeError: 'WSMonitor' object has no attribute 'get_last_price'. Did you mean: 'get_mark_price'?
[2025-08-03T01:21:15] ERROR bot [inst=DOGE-USDT-SWAP] [sess=9e849c8efc0a42bd892926d27361c4c7] [mode=LOOP] [err=-]: Loop-level exception
Traceback (most recent call last):
  File "d:\Develop\Python\trade_bot\11.9.1\core\prehedge_watcher.py", line 147, in _delayed_loss_check
    last_px = await self.ws.get_last_price(self.inst)
                    ^^^^^^^^^^^^^^^^^^^^^^
AttributeError: 'WSMonitor' object has no attribute 'get_last_price'. Did you mean: 'get_mark_price'?
[2025-08-03T01:21:17] ERROR bot [inst=DOGE-USDT-SWAP] [sess=9e849c8efc0a42bd892926d27361c4c7] [mode=LOOP] [err=-]: Loop-level exception
Traceback (most recent call last):
  File "d:\Develop\Python\trade_bot\11.9.1\core\prehedge_watcher.py", line 147, in _delayed_loss_check
    last_px = await self.ws.get_last_price(self.inst)
                    ^^^^^^^^^^^^^^^^^^^^^^
AttributeError: 'WSMonitor' object has no attribute 'get_last_price'. Did you mean: 'get_mark_price'?
[2025-08-03T01:21:19] ERROR bot [inst=DOGE-USDT-SWAP] [sess=9e849c8efc0a42bd892926d27361c4c7] [mode=LOOP] [err=-]: Loop-level exception
Traceback (most recent call last):
  File "d:\Develop\Python\trade_bot\11.9.1\core\prehedge_watcher.py", line 147, in _delayed_loss_check
    last_px = await self.ws.get_last_price(self.inst)
                    ^^^^^^^^^^^^^^^^^^^^^^
AttributeError: 'WSMonitor' object has no attribute 'get_last_price'. Did you mean: 'get_mark_price'?
[2025-08-03T01:21:21] ERROR bot [inst=DOGE-USDT-SWAP] [sess=9e849c8efc0a42bd892926d27361c4c7] [mode=LOOP] [err=-]: Loop-level exception
Traceback (most recent call last):
  File "d:\Develop\Python\trade_bot\11.9.1\core\prehedge_watcher.py", line 147, in _delayed_loss_check
    last_px = await self.ws.get_last_price(self.inst)
                    ^^^^^^^^^^^^^^^^^^^^^^
AttributeError: 'WSMonitor' object has no attribute 'get_last_price'. Did you mean: 'get_mark_price'?
[2025-08-03T01:21:23] ERROR bot [inst=DOGE-USDT-SWAP] [sess=9e849c8efc0a42bd892926d27361c4c7] [mode=LOOP] [err=-]: Loop-level exception
Traceback (most recent call last):
  File "d:\Develop\Python\trade_bot\11.9.1\core\prehedge_watcher.py", line 147, in _delayed_loss_check
    last_px = await self.ws.get_last_price(self.inst)
                    ^^^^^^^^^^^^^^^^^^^^^^
AttributeError: 'WSMonitor' object has no attribute 'get_last_price'. Did you mean: 'get_mark_price'?
[2025-08-03T01:21:26] ERROR bot [inst=DOGE-USDT-SWAP] [sess=9e849c8efc0a42bd892926d27361c4c7] [mode=LOOP] [err=-]: Loop-level exception
Traceback (most recent call last):
  File "d:\Develop\Python\trade_bot\11.9.1\core\prehedge_watcher.py", line 147, in _delayed_loss_check
    last_px = await self.ws.get_last_price(self.inst)
                    ^^^^^^^^^^^^^^^^^^^^^^
AttributeError: 'WSMonitor' object has no attribute 'get_last_price'. Did you mean: 'get_mark_price'?
[2025-08-03T01:21:28] ERROR bot [inst=DOGE-USDT-SWAP] [sess=9e849c8efc0a42bd892926d27361c4c7] [mode=LOOP] [err=-]: Loop-level exception
Traceback (most recent call last):
  File "d:\Develop\Python\trade_bot\11.9.1\core\prehedge_watcher.py", line 147, in _delayed_loss_check
    last_px = await self.ws.get_last_price(self.inst)
                    ^^^^^^^^^^^^^^^^^^^^^^
AttributeError: 'WSMonitor' object has no attribute 'get_last_price'. Did you mean: 'get_mark_price'?
[2025-08-03T01:21:30] ERROR bot [inst=DOGE-USDT-SWAP] [sess=9e849c8efc0a42bd892926d27361c4c7] [mode=LOOP] [err=-]: Loop-level exception
Traceback (most recent call last):
  File "d:\Develop\Python\trade_bot\11.9.1\core\prehedge_watcher.py", line 147, in _delayed_loss_check
    last_px = await self.ws.get_last_price(self.inst)
                    ^^^^^^^^^^^^^^^^^^^^^^
AttributeError: 'WSMonitor' object has no attribute 'get_last_price'. Did you mean: 'get_mark_price'?
[2025-08-03T01:21:32] ERROR bot [inst=DOGE-USDT-SWAP] [sess=9e849c8efc0a42bd892926d27361c4c7] [mode=LOOP] [err=-]: Loop-level exception
Traceback (most recent call last):
  File "d:\Develop\Python\trade_bot\11.9.1\core\prehedge_watcher.py", line 147, in _delayed_loss_check
    last_px = await self.ws.get_last_price(self.inst)
                    ^^^^^^^^^^^^^^^^^^^^^^
AttributeError: 'WSMonitor' object has no attribute 'get_last_price'. Did you mean: 'get_mark_price'?
[2025-08-03T01:21:34] ERROR bot [inst=DOGE-USDT-SWAP] [sess=9e849c8efc0a42bd892926d27361c4c7] [mode=LOOP] [err=-]: Loop-level exception
Traceback (most recent call last):
  File "d:\Develop\Python\trade_bot\11.9.1\core\prehedge_watcher.py", line 147, in _delayed_loss_check
    last_px = await self.ws.get_last_price(self.inst)
                    ^^^^^^^^^^^^^^^^^^^^^^
AttributeError: 'WSMonitor' object has no attribute 'get_last_price'. Did you mean: 'get_mark_price'?
[2025-08-03T01:21:36] ERROR bot [inst=DOGE-USDT-SWAP] [sess=9e849c8efc0a42bd892926d27361c4c7] [mode=LOOP] [err=-]: Loop-level exception
Traceback (most recent call last):
  File "d:\Develop\Python\trade_bot\11.9.1\core\prehedge_watcher.py", line 147, in _delayed_loss_check
    last_px = await self.ws.get_last_price(self.inst)
                    ^^^^^^^^^^^^^^^^^^^^^^
AttributeError: 'WSMonitor' object has no attribute 'get_last_price'. Did you mean: 'get_mark_price'?
[2025-08-03T01:21:38] ERROR bot [inst=DOGE-USDT-SWAP] [sess=9e849c8efc0a42bd892926d27361c4c7] [mode=LOOP] [err=-]: Loop-level exception
Traceback (most recent call last):
  File "d:\Develop\Python\trade_bot\11.9.1\core\prehedge_watcher.py", line 147, in _delayed_loss_check
    last_px = await self.ws.get_last_price(self.inst)
                    ^^^^^^^^^^^^^^^^^^^^^^
AttributeError: 'WSMonitor' object has no attribute 'get_last_price'. Did you mean: 'get_mark_price'?
[2025-08-03T01:21:40] ERROR bot [inst=DOGE-USDT-SWAP] [sess=9e849c8efc0a42bd892926d27361c4c7] [mode=LOOP] [err=-]: Loop-level exception
Traceback (most recent call last):
  File "d:\Develop\Python\trade_bot\11.9.1\core\prehedge_watcher.py", line 147, in _delayed_loss_check
    last_px = await self.ws.get_last_price(self.inst)
                    ^^^^^^^^^^^^^^^^^^^^^^
AttributeError: 'WSMonitor' object has no attribute 'get_last_price'. Did you mean: 'get_mark_price'?
[2025-08-03T01:21:42] ERROR bot [inst=DOGE-USDT-SWAP] [sess=9e849c8efc0a42bd892926d27361c4c7] [mode=LOOP] [err=-]: Loop-level exception
Traceback (most recent call last):
  File "d:\Develop\Python\trade_bot\11.9.1\core\prehedge_watcher.py", line 147, in _delayed_loss_check
    last_px = await self.ws.get_last_price(self.inst)
                    ^^^^^^^^^^^^^^^^^^^^^^
AttributeError: 'WSMonitor' object has no attribute 'get_last_price'. Did you mean: 'get_mark_price'?
[2025-08-03T01:21:44] ERROR bot [inst=DOGE-USDT-SWAP] [sess=9e849c8efc0a42bd892926d27361c4c7] [mode=LOOP] [err=-]: Loop-level exception
Traceback (most recent call last):
  File "d:\Develop\Python\trade_bot\11.9.1\core\prehedge_watcher.py", line 147, in _delayed_loss_check
    last_px = await self.ws.get_last_price(self.inst)
                    ^^^^^^^^^^^^^^^^^^^^^^
AttributeError: 'WSMonitor' object has no attribute 'get_last_price'. Did you mean: 'get_mark_price'?
[2025-08-03T01:21:46] ERROR bot [inst=DOGE-USDT-SWAP] [sess=9e849c8efc0a42bd892926d27361c4c7] [mode=LOOP] [err=-]: Loop-level exception
Traceback (most recent call last):
  File "d:\Develop\Python\trade_bot\11.9.1\core\prehedge_watcher.py", line 147, in _delayed_loss_check
    last_px = await self.ws.get_last_price(self.inst)
                    ^^^^^^^^^^^^^^^^^^^^^^
AttributeError: 'WSMonitor' object has no attribute 'get_last_price'. Did you mean: 'get_mark_price'?
[2025-08-03T01:21:48] ERROR bot [inst=DOGE-USDT-SWAP] [sess=9e849c8efc0a42bd892926d27361c4c7] [mode=LOOP] [err=-]: Loop-level exception
Traceback (most recent call last):
  File "d:\Develop\Python\trade_bot\11.9.1\core\prehedge_watcher.py", line 147, in _delayed_loss_check
    last_px = await self.ws.get_last_price(self.inst)
                    ^^^^^^^^^^^^^^^^^^^^^^
AttributeError: 'WSMonitor' object has no attribute 'get_last_price'. Did you mean: 'get_mark_price'?
[2025-08-03T01:21:50] ERROR bot [inst=DOGE-USDT-SWAP] [sess=9e849c8efc0a42bd892926d27361c4c7] [mode=LOOP] [err=-]: Loop-level exception
Traceback (most recent call last):
  File "d:\Develop\Python\trade_bot\11.9.1\core\prehedge_watcher.py", line 147, in _delayed_loss_check
    last_px = await self.ws.get_last_price(self.inst)
                    ^^^^^^^^^^^^^^^^^^^^^^
AttributeError: 'WSMonitor' object has no attribute 'get_last_price'. Did you mean: 'get_mark_price'?
[2025-08-03T01:21:52] ERROR bot [inst=DOGE-USDT-SWAP] [sess=9e849c8efc0a42bd892926d27361c4c7] [mode=LOOP] [err=-]: Loop-level exception
Traceback (most recent call last):
  File "d:\Develop\Python\trade_bot\11.9.1\core\prehedge_watcher.py", line 147, in _delayed_loss_check
    last_px = await self.ws.get_last_price(self.inst)
                    ^^^^^^^^^^^^^^^^^^^^^^
AttributeError: 'WSMonitor' object has no attribute 'get_last_price'. Did you mean: 'get_mark_price'?
[2025-08-03T01:21:54] ERROR bot [inst=DOGE-USDT-SWAP] [sess=9e849c8efc0a42bd892926d27361c4c7] [mode=LOOP] [err=-]: Loop-level exception
Traceback (most recent call last):
  File "d:\Develop\Python\trade_bot\11.9.1\core\prehedge_watcher.py", line 147, in _delayed_loss_check
    last_px = await self.ws.get_last_price(self.inst)
                    ^^^^^^^^^^^^^^^^^^^^^^
AttributeError: 'WSMonitor' object has no attribute 'get_last_price'. Did you mean: 'get_mark_price'?
[2025-08-03T01:21:57] ERROR bot [inst=DOGE-USDT-SWAP] [sess=9e849c8efc0a42bd892926d27361c4c7] [mode=LOOP] [err=-]: Loop-level exception
Traceback (most recent call last):
  File "d:\Develop\Python\trade_bot\11.9.1\core\prehedge_watcher.py", line 147, in _delayed_loss_check
    last_px = await self.ws.get_last_price(self.inst)
                    ^^^^^^^^^^^^^^^^^^^^^^
AttributeError: 'WSMonitor' object has no attribute 'get_last_price'. Did you mean: 'get_mark_price'?
[2025-08-03T01:21:59] ERROR bot [inst=DOGE-USDT-SWAP] [sess=9e849c8efc0a42bd892926d27361c4c7] [mode=LOOP] [err=-]: Loop-level exception
Traceback (most recent call last):
  File "d:\Develop\Python\trade_bot\11.9.1\core\prehedge_watcher.py", line 147, in _delayed_loss_check
    last_px = await self.ws.get_last_price(self.inst)
                    ^^^^^^^^^^^^^^^^^^^^^^
AttributeError: 'WSMonitor' object has no attribute 'get_last_price'. Did you mean: 'get_mark_price'?
[2025-08-03T01:22:01] ERROR bot [inst=DOGE-USDT-SWAP] [sess=9e849c8efc0a42bd892926d27361c4c7] [mode=LOOP] [err=-]: Loop-level exception
Traceback (most recent call last):
  File "d:\Develop\Python\trade_bot\11.9.1\core\prehedge_watcher.py", line 147, in _delayed_loss_check
    last_px = await self.ws.get_last_price(self.inst)
                    ^^^^^^^^^^^^^^^^^^^^^^
AttributeError: 'WSMonitor' object has no attribute 'get_last_price'. Did you mean: 'get_mark_price'?
[2025-08-03T01:22:03] ERROR bot [inst=DOGE-USDT-SWAP] [sess=9e849c8efc0a42bd892926d27361c4c7] [mode=LOOP] [err=-]: Loop-level exception
Traceback (most recent call last):
  File "d:\Develop\Python\trade_bot\11.9.1\core\prehedge_watcher.py", line 147, in _delayed_loss_check
    last_px = await self.ws.get_last_price(self.inst)
                    ^^^^^^^^^^^^^^^^^^^^^^
AttributeError: 'WSMonitor' object has no attribute 'get_last_price'. Did you mean: 'get_mark_price'?
[2025-08-03T01:22:05] ERROR bot [inst=DOGE-USDT-SWAP] [sess=9e849c8efc0a42bd892926d27361c4c7] [mode=LOOP] [err=-]: Loop-level exception
Traceback (most recent call last):
  File "d:\Develop\Python\trade_bot\11.9.1\core\prehedge_watcher.py", line 147, in _delayed_loss_check
    last_px = await self.ws.get_last_price(self.inst)
                    ^^^^^^^^^^^^^^^^^^^^^^
AttributeError: 'WSMonitor' object has no attribute 'get_last_price'. Did you mean: 'get_mark_price'?
[2025-08-03T01:22:07] ERROR bot [inst=DOGE-USDT-SWAP] [sess=9e849c8efc0a42bd892926d27361c4c7] [mode=LOOP] [err=-]: Loop-level exception
Traceback (most recent call last):
  File "d:\Develop\Python\trade_bot\11.9.1\core\prehedge_watcher.py", line 147, in _delayed_loss_check
    last_px = await self.ws.get_last_price(self.inst)
                    ^^^^^^^^^^^^^^^^^^^^^^
AttributeError: 'WSMonitor' object has no attribute 'get_last_price'. Did you mean: 'get_mark_price'?
[2025-08-03T01:22:09] ERROR bot [inst=DOGE-USDT-SWAP] [sess=9e849c8efc0a42bd892926d27361c4c7] [mode=LOOP] [err=-]: Loop-level exception
Traceback (most recent call last):
  File "d:\Develop\Python\trade_bot\11.9.1\core\prehedge_watcher.py", line 147, in _delayed_loss_check
    last_px = await self.ws.get_last_price(self.inst)
                    ^^^^^^^^^^^^^^^^^^^^^^
AttributeError: 'WSMonitor' object has no attribute 'get_last_price'. Did you mean: 'get_mark_price'?
[2025-08-03T01:22:11] ERROR bot [inst=DOGE-USDT-SWAP] [sess=9e849c8efc0a42bd892926d27361c4c7] [mode=LOOP] [err=-]: Loop-level exception
Traceback (most recent call last):
  File "d:\Develop\Python\trade_bot\11.9.1\core\prehedge_watcher.py", line 147, in _delayed_loss_check
    last_px = await self.ws.get_last_price(self.inst)
                    ^^^^^^^^^^^^^^^^^^^^^^
AttributeError: 'WSMonitor' object has no attribute 'get_last_price'. Did you mean: 'get_mark_price'?
[2025-08-03T01:22:13] ERROR bot [inst=DOGE-USDT-SWAP] [sess=9e849c8efc0a42bd892926d27361c4c7] [mode=LOOP] [err=-]: Loop-level exception
Traceback (most recent call last):
  File "d:\Develop\Python\trade_bot\11.9.1\core\prehedge_watcher.py", line 147, in _delayed_loss_check
    last_px = await self.ws.get_last_price(self.inst)
                    ^^^^^^^^^^^^^^^^^^^^^^
AttributeError: 'WSMonitor' object has no attribute 'get_last_price'. Did you mean: 'get_mark_price'?
[2025-08-03T01:22:15] ERROR bot [inst=DOGE-USDT-SWAP] [sess=9e849c8efc0a42bd892926d27361c4c7] [mode=LOOP] [err=-]: Loop-level exception
Traceback (most recent call last):
  File "d:\Develop\Python\trade_bot\11.9.1\core\prehedge_watcher.py", line 147, in _delayed_loss_check
    last_px = await self.ws.get_last_price(self.inst)
                    ^^^^^^^^^^^^^^^^^^^^^^
AttributeError: 'WSMonitor' object has no attribute 'get_last_price'. Did you mean: 'get_mark_price'?
[2025-08-03T01:22:17] ERROR bot [inst=DOGE-USDT-SWAP] [sess=9e849c8efc0a42bd892926d27361c4c7] [mode=LOOP] [err=-]: Loop-level exception
Traceback (most recent call last):
  File "d:\Develop\Python\trade_bot\11.9.1\core\prehedge_watcher.py", line 147, in _delayed_loss_check
    last_px = await self.ws.get_last_price(self.inst)
                    ^^^^^^^^^^^^^^^^^^^^^^
AttributeError: 'WSMonitor' object has no attribute 'get_last_price'. Did you mean: 'get_mark_price'?
[2025-08-03T01:22:19] ERROR bot [inst=DOGE-USDT-SWAP] [sess=9e849c8efc0a42bd892926d27361c4c7] [mode=LOOP] [err=-]: Loop-level exception
Traceback (most recent call last):
  File "d:\Develop\Python\trade_bot\11.9.1\core\prehedge_watcher.py", line 147, in _delayed_loss_check
    last_px = await self.ws.get_last_price(self.inst)
                    ^^^^^^^^^^^^^^^^^^^^^^
AttributeError: 'WSMonitor' object has no attribute 'get_last_price'. Did you mean: 'get_mark_price'?
[2025-08-03T01:22:22] ERROR bot [inst=DOGE-USDT-SWAP] [sess=9e849c8efc0a42bd892926d27361c4c7] [mode=LOOP] [err=-]: Loop-level exception
Traceback (most recent call last):
  File "d:\Develop\Python\trade_bot\11.9.1\core\prehedge_watcher.py", line 147, in _delayed_loss_check
    last_px = await self.ws.get_last_price(self.inst)
                    ^^^^^^^^^^^^^^^^^^^^^^
AttributeError: 'WSMonitor' object has no attribute 'get_last_price'. Did you mean: 'get_mark_price'?
[2025-08-03T01:22:24] ERROR bot [inst=DOGE-USDT-SWAP] [sess=9e849c8efc0a42bd892926d27361c4c7] [mode=LOOP] [err=-]: Loop-level exception
Traceback (most recent call last):
  File "d:\Develop\Python\trade_bot\11.9.1\core\prehedge_watcher.py", line 147, in _delayed_loss_check
    last_px = await self.ws.get_last_price(self.inst)
                    ^^^^^^^^^^^^^^^^^^^^^^
AttributeError: 'WSMonitor' object has no attribute 'get_last_price'. Did you mean: 'get_mark_price'?
[2025-08-03T01:22:26] ERROR bot [inst=DOGE-USDT-SWAP] [sess=9e849c8efc0a42bd892926d27361c4c7] [mode=LOOP] [err=-]: Loop-level exception
Traceback (most recent call last):
  File "d:\Develop\Python\trade_bot\11.9.1\core\prehedge_watcher.py", line 147, in _delayed_loss_check
    last_px = await self.ws.get_last_price(self.inst)
                    ^^^^^^^^^^^^^^^^^^^^^^
AttributeError: 'WSMonitor' object has no attribute 'get_last_price'. Did you mean: 'get_mark_price'?
[2025-08-03T01:22:28] ERROR bot [inst=DOGE-USDT-SWAP] [sess=9e849c8efc0a42bd892926d27361c4c7] [mode=LOOP] [err=-]: Loop-level exception
Traceback (most recent call last):
  File "d:\Develop\Python\trade_bot\11.9.1\core\prehedge_watcher.py", line 147, in _delayed_loss_check
    last_px = await self.ws.get_last_price(self.inst)
                    ^^^^^^^^^^^^^^^^^^^^^^
AttributeError: 'WSMonitor' object has no attribute 'get_last_price'. Did you mean: 'get_mark_price'?
[2025-08-03T01:22:30] ERROR bot [inst=DOGE-USDT-SWAP] [sess=9e849c8efc0a42bd892926d27361c4c7] [mode=LOOP] [err=-]: Loop-level exception
Traceback (most recent call last):
  File "d:\Develop\Python\trade_bot\11.9.1\core\prehedge_watcher.py", line 147, in _delayed_loss_check
    last_px = await self.ws.get_last_price(self.inst)
                    ^^^^^^^^^^^^^^^^^^^^^^
AttributeError: 'WSMonitor' object has no attribute 'get_last_price'. Did you mean: 'get_mark_price'?
[2025-08-03T01:22:32] ERROR bot [inst=DOGE-USDT-SWAP] [sess=9e849c8efc0a42bd892926d27361c4c7] [mode=LOOP] [err=-]: Loop-level exception
Traceback (most recent call last):
  File "d:\Develop\Python\trade_bot\11.9.1\core\prehedge_watcher.py", line 147, in _delayed_loss_check
    last_px = await self.ws.get_last_price(self.inst)
                    ^^^^^^^^^^^^^^^^^^^^^^
AttributeError: 'WSMonitor' object has no attribute 'get_last_price'. Did you mean: 'get_mark_price'?
[2025-08-03T01:22:34] ERROR bot [inst=DOGE-USDT-SWAP] [sess=9e849c8efc0a42bd892926d27361c4c7] [mode=LOOP] [err=-]: Loop-level exception
Traceback (most recent call last):
  File "d:\Develop\Python\trade_bot\11.9.1\core\prehedge_watcher.py", line 147, in _delayed_loss_check
    last_px = await self.ws.get_last_price(self.inst)
                    ^^^^^^^^^^^^^^^^^^^^^^
AttributeError: 'WSMonitor' object has no attribute 'get_last_price'. Did you mean: 'get_mark_price'?
[2025-08-03T01:22:36] ERROR bot [inst=DOGE-USDT-SWAP] [sess=9e849c8efc0a42bd892926d27361c4c7] [mode=LOOP] [err=-]: Loop-level exception
Traceback (most recent call last):
  File "d:\Develop\Python\trade_bot\11.9.1\core\prehedge_watcher.py", line 147, in _delayed_loss_check
    last_px = await self.ws.get_last_price(self.inst)
                    ^^^^^^^^^^^^^^^^^^^^^^
AttributeError: 'WSMonitor' object has no attribute 'get_last_price'. Did you mean: 'get_mark_price'?
[2025-08-03T01:22:38] ERROR bot [inst=DOGE-USDT-SWAP] [sess=9e849c8efc0a42bd892926d27361c4c7] [mode=LOOP] [err=-]: Loop-level exception
Traceback (most recent call last):
  File "d:\Develop\Python\trade_bot\11.9.1\core\prehedge_watcher.py", line 147, in _delayed_loss_check
    last_px = await self.ws.get_last_price(self.inst)
                    ^^^^^^^^^^^^^^^^^^^^^^
AttributeError: 'WSMonitor' object has no attribute 'get_last_price'. Did you mean: 'get_mark_price'?
[2025-08-03T01:22:40] ERROR bot [inst=DOGE-USDT-SWAP] [sess=9e849c8efc0a42bd892926d27361c4c7] [mode=LOOP] [err=-]: Loop-level exception
Traceback (most recent call last):
  File "d:\Develop\Python\trade_bot\11.9.1\core\prehedge_watcher.py", line 147, in _delayed_loss_check
    last_px = await self.ws.get_last_price(self.inst)
                    ^^^^^^^^^^^^^^^^^^^^^^
AttributeError: 'WSMonitor' object has no attribute 'get_last_price'. Did you mean: 'get_mark_price'?
[2025-08-03T01:22:42] ERROR bot [inst=DOGE-USDT-SWAP] [sess=9e849c8efc0a42bd892926d27361c4c7] [mode=LOOP] [err=-]: Loop-level exception
Traceback (most recent call last):
  File "d:\Develop\Python\trade_bot\11.9.1\core\prehedge_watcher.py", line 147, in _delayed_loss_check
    last_px = await self.ws.get_last_price(self.inst)
                    ^^^^^^^^^^^^^^^^^^^^^^
AttributeError: 'WSMonitor' object has no attribute 'get_last_price'. Did you mean: 'get_mark_price'?
[2025-08-03T01:22:45] ERROR bot [inst=DOGE-USDT-SWAP] [sess=9e849c8efc0a42bd892926d27361c4c7] [mode=LOOP] [err=-]: Loop-level exception
Traceback (most recent call last):
  File "d:\Develop\Python\trade_bot\11.9.1\core\prehedge_watcher.py", line 147, in _delayed_loss_check
    last_px = await self.ws.get_last_price(self.inst)
                    ^^^^^^^^^^^^^^^^^^^^^^
AttributeError: 'WSMonitor' object has no attribute 'get_last_price'. Did you mean: 'get_mark_price'?
[2025-08-03T01:22:47] ERROR bot [inst=DOGE-USDT-SWAP] [sess=9e849c8efc0a42bd892926d27361c4c7] [mode=LOOP] [err=-]: Loop-level exception
Traceback (most recent call last):
  File "d:\Develop\Python\trade_bot\11.9.1\core\prehedge_watcher.py", line 147, in _delayed_loss_check
    last_px = await self.ws.get_last_price(self.inst)
                    ^^^^^^^^^^^^^^^^^^^^^^
AttributeError: 'WSMonitor' object has no attribute 'get_last_price'. Did you mean: 'get_mark_price'?
[2025-08-03T01:22:49] ERROR bot [inst=DOGE-USDT-SWAP] [sess=9e849c8efc0a42bd892926d27361c4c7] [mode=LOOP] [err=-]: Loop-level exception
Traceback (most recent call last):
  File "d:\Develop\Python\trade_bot\11.9.1\core\prehedge_watcher.py", line 147, in _delayed_loss_check
    last_px = await self.ws.get_last_price(self.inst)
                    ^^^^^^^^^^^^^^^^^^^^^^
AttributeError: 'WSMonitor' object has no attribute 'get_last_price'. Did you mean: 'get_mark_price'?
[2025-08-03T01:22:51] ERROR bot [inst=DOGE-USDT-SWAP] [sess=9e849c8efc0a42bd892926d27361c4c7] [mode=LOOP] [err=-]: Loop-level exception
Traceback (most recent call last):
  File "d:\Develop\Python\trade_bot\11.9.1\core\prehedge_watcher.py", line 147, in _delayed_loss_check
    last_px = await self.ws.get_last_price(self.inst)
                    ^^^^^^^^^^^^^^^^^^^^^^
AttributeError: 'WSMonitor' object has no attribute 'get_last_price'. Did you mean: 'get_mark_price'?
[2025-08-03T01:22:53] ERROR bot [inst=DOGE-USDT-SWAP] [sess=9e849c8efc0a42bd892926d27361c4c7] [mode=LOOP] [err=-]: Loop-level exception
Traceback (most recent call last):
  File "d:\Develop\Python\trade_bot\11.9.1\core\prehedge_watcher.py", line 147, in _delayed_loss_check
    last_px = await self.ws.get_last_price(self.inst)
                    ^^^^^^^^^^^^^^^^^^^^^^
AttributeError: 'WSMonitor' object has no attribute 'get_last_price'. Did you mean: 'get_mark_price'?
[2025-08-03T01:22:55] ERROR bot [inst=DOGE-USDT-SWAP] [sess=9e849c8efc0a42bd892926d27361c4c7] [mode=LOOP] [err=-]: Loop-level exception
Traceback (most recent call last):
  File "d:\Develop\Python\trade_bot\11.9.1\core\prehedge_watcher.py", line 147, in _delayed_loss_check
    last_px = await self.ws.get_last_price(self.inst)
                    ^^^^^^^^^^^^^^^^^^^^^^
AttributeError: 'WSMonitor' object has no attribute 'get_last_price'. Did you mean: 'get_mark_price'?
[2025-08-03T01:22:57] ERROR bot [inst=DOGE-USDT-SWAP] [sess=9e849c8efc0a42bd892926d27361c4c7] [mode=LOOP] [err=-]: Loop-level exception
Traceback (most recent call last):
  File "d:\Develop\Python\trade_bot\11.9.1\core\prehedge_watcher.py", line 147, in _delayed_loss_check
    last_px = await self.ws.get_last_price(self.inst)
                    ^^^^^^^^^^^^^^^^^^^^^^
AttributeError: 'WSMonitor' object has no attribute 'get_last_price'. Did you mean: 'get_mark_price'?
[2025-08-03T01:22:59] ERROR bot [inst=DOGE-USDT-SWAP] [sess=9e849c8efc0a42bd892926d27361c4c7] [mode=LOOP] [err=-]: Loop-level exception
Traceback (most recent call last):
  File "d:\Develop\Python\trade_bot\11.9.1\core\prehedge_watcher.py", line 147, in _delayed_loss_check
    last_px = await self.ws.get_last_price(self.inst)
                    ^^^^^^^^^^^^^^^^^^^^^^
AttributeError: 'WSMonitor' object has no attribute 'get_last_price'. Did you mean: 'get_mark_price'?
[2025-08-03T01:23:01] ERROR bot [inst=DOGE-USDT-SWAP] [sess=9e849c8efc0a42bd892926d27361c4c7] [mode=LOOP] [err=-]: Loop-level exception
Traceback (most recent call last):
  File "d:\Develop\Python\trade_bot\11.9.1\core\prehedge_watcher.py", line 147, in _delayed_loss_check
    last_px = await self.ws.get_last_price(self.inst)
                    ^^^^^^^^^^^^^^^^^^^^^^
AttributeError: 'WSMonitor' object has no attribute 'get_last_price'. Did you mean: 'get_mark_price'?
[2025-08-03T01:23:03] INFO bot [inst=DOGE-USDT-SWAP] [sess=9e849c8efc0a42bd892926d27361c4c7] [mode=SHUTDOWN] [err=-]: Shutdown initiated
[2025-08-03T01:23:04] ERROR bot [inst=DOGE-USDT-SWAP] [sess=9e849c8efc0a42bd892926d27361c4c7] [mode=LOOP] [err=-]: Loop-level exception
Traceback (most recent call last):
  File "d:\Develop\Python\trade_bot\11.9.1\core\prehedge_watcher.py", line 147, in _delayed_loss_check
    last_px = await self.ws.get_last_price(self.inst)
                    ^^^^^^^^^^^^^^^^^^^^^^
AttributeError: 'WSMonitor' object has no attribute 'get_last_price'. Did you mean: 'get_mark_price'?
[2025-08-03T01:23:07] INFO bot [inst=DOGE-USDT-SWAP] [sess=4b8aa77178a449e7bf7a20a273f36b9a] [mode=START] [err=-]: ⏲️ Time offset set to -832 ms
[2025-08-03T01:23:07] INFO bot [inst=DOGE-USDT-SWAP] [sess=4b8aa77178a449e7bf7a20a273f36b9a] [mode=START] [err=-]: 📈 Initial snapshot fetched: {'code': '0', 'msg': '', 'data': [{'asks': [['0.19185', '103.95', '0', '1'], ['0.1919', '1993.18', '0', '8'], ['0.19195', '2268.22', '0', '15'], ['0.192', '38.46', '0', '52'], ['0.19205', '8.86', '0', '6']], 'bids': [['0.1918', '207.34', '0', '2'], ['0.19175', '1454.33', '0', '2'], ['0.1917', '192.75', '0', '1'], ['0.1916', '14.22', '0', '2'], ['0.1915', '0.27', '0', '10']], 'ts': '1754173387050'}]}
[2025-08-03T01:23:07] INFO bot [inst=DOGE-USDT-SWAP] [sess=4b8aa77178a449e7bf7a20a273f36b9a] [mode=REINVEST] [err=-]: [REINVEST] enabled=True, pct=100.00%, min_lot=0.01
[2025-08-03T01:23:07] INFO bot [inst=DOGE-USDT-SWAP] [sess=4b8aa77178a449e7bf7a20a273f36b9a] [mode=START] [err=-]: Orchestrator started
[2025-08-03T01:23:08] INFO bot [inst=DOGE-USDT-SWAP] [sess=4b8aa77178a449e7bf7a20a273f36b9a] [mode=STARTUP] [err=-]: Startup detected ONE leg → PRE-HEDGE mode
[2025-08-03T01:23:09] INFO bot [inst=DOGE-USDT-SWAP] [sess=4b8aa77178a449e7bf7a20a273f36b9a] [mode=WS] [err=-]: ✅ [WS-PRIV] login successful
[2025-08-03T01:23:09] INFO bot [inst=DOGE-USDT-SWAP] [sess=4b8aa77178a449e7bf7a20a273f36b9a] [mode=WS] [err=-]: ✅ [WS-PUB] subscribed to tickers
[2025-08-03T01:23:09] INFO bot [inst=DOGE-USDT-SWAP] [sess=4b8aa77178a449e7bf7a20a273f36b9a] [mode=WS] [err=-]: ✅ [WS-PRIV] subscribed to orders
[2025-08-03T01:23:10] INFO bot [inst=DOGE-USDT-SWAP] [sess=4b8aa77178a449e7bf7a20a273f36b9a] [mode=WS] [err=-]: ✅ [WS-PRIV] subscribed to positions
[2025-08-03T01:23:10] DEBUG bot [inst=DOGE-USDT-SWAP] [sess=4b8aa77178a449e7bf7a20a273f36b9a] [mode=-] [err=-]: 🎯 [PreHEDGE] placing TP: {'instId': 'DOGE-USDT-SWAP', 'instType': 'SWAP', 'tdMode': 'cross', 'ordType': 'conditional', 'posSide': 'short', 'side': 'buy', 'algoClOrdId': 'PSDOGEUSDTSWAP', 'tpTriggerPx': '0.18834750', 'tpOrdPx': '-1', 'closeFraction': '1', 'reduceOnly': True}
[2025-08-03T01:23:10] WARNING bot [inst=DOGE-USDT-SWAP] [sess=4b8aa77178a449e7bf7a20a273f36b9a] [mode=REST] [err=1]: [REST] swallow code=1, sCode=['51088'] on POST /api/v5/trade/order-algo
[2025-08-03T01:23:10] INFO bot [inst=DOGE-USDT-SWAP] [sess=4b8aa77178a449e7bf7a20a273f36b9a] [mode=-] [err=-]: 🎯 [PreHEDGE] TP placed @ 0.18834750
[2025-08-03T01:23:10] INFO bot [inst=DOGE-USDT-SWAP] [sess=4b8aa77178a449e7bf7a20a273f36b9a] [mode=-] [err=-]: ⏳ [PreHEDGE] waiting for loss ≤ −0.10%
[2025-08-03T01:23:12] ERROR bot [inst=DOGE-USDT-SWAP] [sess=4b8aa77178a449e7bf7a20a273f36b9a] [mode=LOOP] [err=-]: Loop-level exception
Traceback (most recent call last):
  File "d:\Develop\Python\trade_bot\11.9.1\core\prehedge_watcher.py", line 147, in _delayed_loss_check
    last_px = await self.ws.get_last_price(self.inst)
                    ^^^^^^^^^^^^^^^^^^^^^^
AttributeError: 'WSMonitor' object has no attribute 'get_last_price'. Did you mean: 'get_mark_price'?
[2025-08-03T01:23:13] DEBUG bot [inst=DOGE-USDT-SWAP] [sess=4b8aa77178a449e7bf7a20a273f36b9a] [mode=-] [err=-]: 🔄 [TPSL] initial sync pass
[2025-08-03T01:23:14] ERROR bot [inst=DOGE-USDT-SWAP] [sess=4b8aa77178a449e7bf7a20a273f36b9a] [mode=LOOP] [err=-]: Loop-level exception
Traceback (most recent call last):
  File "d:\Develop\Python\trade_bot\11.9.1\core\prehedge_watcher.py", line 147, in _delayed_loss_check
    last_px = await self.ws.get_last_price(self.inst)
                    ^^^^^^^^^^^^^^^^^^^^^^
AttributeError: 'WSMonitor' object has no attribute 'get_last_price'. Did you mean: 'get_mark_price'?
[2025-08-03T01:23:16] ERROR bot [inst=DOGE-USDT-SWAP] [sess=4b8aa77178a449e7bf7a20a273f36b9a] [mode=LOOP] [err=-]: Loop-level exception
Traceback (most recent call last):
  File "d:\Develop\Python\trade_bot\11.9.1\core\prehedge_watcher.py", line 147, in _delayed_loss_check
    last_px = await self.ws.get_last_price(self.inst)
                    ^^^^^^^^^^^^^^^^^^^^^^
AttributeError: 'WSMonitor' object has no attribute 'get_last_price'. Did you mean: 'get_mark_price'?
[2025-08-03T01:23:18] ERROR bot [inst=DOGE-USDT-SWAP] [sess=4b8aa77178a449e7bf7a20a273f36b9a] [mode=LOOP] [err=-]: Loop-level exception
Traceback (most recent call last):
  File "d:\Develop\Python\trade_bot\11.9.1\core\prehedge_watcher.py", line 147, in _delayed_loss_check
    last_px = await self.ws.get_last_price(self.inst)
                    ^^^^^^^^^^^^^^^^^^^^^^
AttributeError: 'WSMonitor' object has no attribute 'get_last_price'. Did you mean: 'get_mark_price'?
[2025-08-03T01:23:20] INFO bot [inst=DOGE-USDT-SWAP] [sess=4b8aa77178a449e7bf7a20a273f36b9a] [mode=SHUTDOWN] [err=-]: Shutdown initiated
[2025-08-03T01:23:21] ERROR bot [inst=DOGE-USDT-SWAP] [sess=4b8aa77178a449e7bf7a20a273f36b9a] [mode=LOOP] [err=-]: Loop-level exception
Traceback (most recent call last):
  File "d:\Develop\Python\trade_bot\11.9.1\core\prehedge_watcher.py", line 147, in _delayed_loss_check
    last_px = await self.ws.get_last_price(self.inst)
                    ^^^^^^^^^^^^^^^^^^^^^^
